participant.id_in_session,participant.code,participant.label,participant._is_bot,participant._index_in_pages,participant._max_page_index,participant._current_app_name,participant._current_page_name,participant.time_started,participant.visited,participant.mturk_worker_id,participant.mturk_assignment_id,participant.payoff,player.id_in_group,player.control_correct,player.hours_stated_player,player.contr_task_0,player.contr_partner_0,player.contr_50noaudit_0,player.contr_50audit_0,player.contr_65noaudit_0,player.contr_35audit_0,player.contr_task,player.contr_partner,player.contr_50noaudit,player.contr_50audit,player.contr_65noaudit,player.contr_35audit,player.payoff,group.id_in_subsession,group.classifier_result,group.random_prob,group.treat,subsession.round_number,session.code,session.label,session.experimenter_name,session.mturk_HITId,session.mturk_HITGroupId,session.comment,session.is_demo
1,xc5093ht,,0,1,6,,,2019-11-01 14:12:46.448887+00:00,1,,,0.00,1,,,,,,,,,,,,,,,0.00,1,,,,1,2feczv50,,,,,,1
2,p8240wbc,,0,1,6,,,2019-11-01 14:12:46.449701+00:00,1,,,0.00,2,,,,,,,,,,,,,,,0.00,1,,,,1,2feczv50,,,,,,1
1,qckgcfgy,,0,1,6,stage_1,introduction,2019-11-01 14:15:00.861310+00:00,1,,,0.00,1,,,,,,,,,,,,,,,0.00,1,,,,1,xtj5h31f,,,,,,1
2,ive22aj6,,0,1,6,stage_1,introduction,2019-11-01 14:15:25.534301+00:00,1,,,0.00,2,,,,,,,,,,,,,,,0.00,1,,,,1,xtj5h31f,,,,,,1
1,b3apwy1z,,0,3,6,stage_1,chat_wait,2019-11-01 14:18:13.135107+00:00,1,,,0.00,1,,,,,,,,,,,,,,,0.00,1,,,,1,fls0mfip,,,,,,1
2,lshhw6fv,,0,3,6,stage_1,chat_wait,2019-11-01 14:18:13.132956+00:00,1,,,0.00,2,,,,,,,,,,,,,,,0.00,1,,,,1,fls0mfip,,,,,,1
1,d9aoe0io,,0,1,4,stage_1,introduction,2019-11-02 11:07:45.301848+00:00,1,,,0.00,1,,,,,,,,,,,,,,,0.00,1,,,,1,dk9rjwur,,,,,,1
2,ygta7dea,,0,1,4,stage_1,introduction,2019-11-02 11:07:45.297834+00:00,1,,,0.00,2,,,,,,,,,,,,,,,0.00,1,,,,1,dk9rjwur,,,,,,1
1,eq9dqca9,,0,1,4,stage_1,introduction,2019-11-02 12:14:54.092306+00:00,1,,,0.00,1,,,,,,,,,,,,,,,0.00,1,,,,1,x8ukrabs,,,,,,1
2,s571tzr3,,0,1,4,stage_1,introduction,2019-11-02 12:14:54.095116+00:00,1,,,0.00,2,,,,,,,,,,,,,,,0.00,1,,,,1,x8ukrabs,,,,,,1
1,xbtnznqk,,0,3,5,stage_1,chat_wait,2019-11-02 12:23:11.849588+00:00,1,,,0.00,1,,,,,,,,,,,,,,,0.00,1,,,,1,88qiv0o5,,,,,,1
2,sx4bmch8,,0,3,5,stage_1,chat_wait,2019-11-02 12:23:11.841930+00:00,1,,,0.00,2,,,,,,,,,,,,,,,0.00,1,,,,1,88qiv0o5,,,,,,1
1,houa8gxt,,0,3,5,stage_1,chat_wait,2019-11-02 19:48:57.717538+00:00,1,,,0.00,1,,,,,,,,,,,,,,,0.00,1,,,,1,6j779c3m,,,,,,1
2,izh5bcta,,0,3,5,stage_1,chat_wait,2019-11-02 19:48:57.714824+00:00,1,,,0.00,2,,,,,,,,,,,,,,,0.00,1,,,,1,6j779c3m,,,,,,1
1,tuqhumt0,,0,3,5,stage_1,chat_wait,2019-11-03 16:24:01.683782+00:00,1,,,0.00,1,,,,,,,,,,,,,,,0.00,1,,,,1,fb374suf,,,,,,1
2,ih7jcb63,,0,3,5,stage_1,chat_wait,2019-11-03 16:24:01.691711+00:00,1,,,0.00,2,,,,,,,,,,,,,,,0.00,1,,,,1,fb374suf,,,,,,1
1,n7cueyu2,,0,3,5,stage_1,chat_wait,2019-11-03 16:25:49.383790+00:00,1,,,0.00,1,,,,,,,,,,,,,,,0.00,1,1,,,1,m6jwx2q3,,,,,,1
2,8qn7armv,,0,3,5,stage_1,chat_wait,2019-11-03 16:25:49.377792+00:00,1,,,0.00,2,,,,,,,,,,,,,,,0.00,1,1,,,1,m6jwx2q3,,,,,,1
1,quwtorcd,,0,6,5,stage_1,income_wait_2,2019-11-03 16:27:11.570693+00:00,1,,,0.00,1,,,,,,,,,,,,,,,0.00,1,1,,,1,gbwck7pb,,,,,,1
2,cwcj8vsg,,0,6,5,stage_1,income_wait_2,2019-11-03 16:27:11.564268+00:00,1,,,0.00,2,,,,,,,,,,,,,,,0.00,1,1,,,1,gbwck7pb,,,,,,1
1,lum4awrt,,0,6,7,stage_2,income_wait,2019-11-03 16:49:25.029113+00:00,1,,,0.00,1,,,,,,,,,,,,,,,0.00,1,1,,,1,jnr7peyf,,,,,,1
2,7rznjnj5,,0,6,7,stage_2,income_wait,2019-11-03 16:49:25.032692+00:00,1,,,0.00,2,,,,,,,,,,,,,,,0.00,1,1,,,1,jnr7peyf,,,,,,1
1,ovpwbwae,,0,6,7,stage_2,income_wait,2019-11-03 16:52:40.221398+00:00,1,,,0.00,1,,,,,,,,,,,,,,,0.00,1,1,,,1,bien2p8j,,,,,,1
2,rslvtx2q,,0,6,7,stage_2,income_wait,2019-11-03 16:52:40.225222+00:00,1,,,0.00,2,,,,,,,,,,,,,,,0.00,1,1,,,1,bien2p8j,,,,,,1
1,x2z6ytcx,,0,0,7,,,,0,,,0.00,1,,,,,,,,,,,,,,,0.00,1,,,,1,dmn8aw32,,,,,,1
2,t8na6ktv,,0,0,7,,,,0,,,0.00,2,,,,,,,,,,,,,,,0.00,1,,,,1,dmn8aw32,,,,,,1
1,eulv1w4i,,0,7,7,stage_2,income_stated,2019-11-03 17:00:30.768549+00:00,1,,,500.00,1,,,,,,,,,,,,,,,0.00,1,1,,,1,q7736fbw,,,,,,1
2,nd050jcx,,0,7,7,stage_2,income_stated,2019-11-03 17:00:30.774295+00:00,1,,,500.00,2,,,,,,,,,,,,,,,0.00,1,1,,,1,q7736fbw,,,,,,1
1,ialgu62k,,0,7,7,stage_2,income_stated,2019-11-03 17:03:52.575189+00:00,1,,,500.00,1,,,,,,,,,,,,,,,0.00,1,1,,,1,xckvqri8,,,,,,1
2,n88kcnup,,0,7,7,stage_2,income_stated,2019-11-03 17:03:52.577470+00:00,1,,,500.00,2,,,,,,,,,,,,,,,0.00,1,1,,,1,xckvqri8,,,,,,1
1,ph9m6cq9,,0,7,7,stage_2,income_stated,2019-11-03 17:07:11.350766+00:00,1,,,500.00,1,,,,,,,,,,,,,,,0.00,1,1,,,1,wfq7rils,,,,,,1
2,2ecp1vvw,,0,7,7,stage_2,income_stated,2019-11-03 17:07:11.346858+00:00,1,,,500.00,2,,,,,,,,,,,,,,,0.00,1,1,,,1,wfq7rils,,,,,,1
1,dva0pic8,,0,7,7,stage_2,income_stated,2019-11-03 17:08:04.329063+00:00,1,,,500.00,1,,,,,,,,,,,,,,,0.00,1,1,,,1,y3rrk2sy,,,,,,1
2,g4gm9hbl,,0,7,7,stage_2,income_stated,2019-11-03 17:08:04.325837+00:00,1,,,500.00,2,,,,,,,,,,,,,,,0.00,1,1,,,1,y3rrk2sy,,,,,,1
1,9gphifyl,,0,6,7,stage_2,income_wait,2019-11-03 17:13:16.092709+00:00,1,,,0.00,1,,,,,,,,,,,,,,,0.00,1,1,,,1,keohvhw0,,,,,,1
2,6ccuk83v,,0,6,7,stage_2,income_wait,2019-11-03 17:13:16.145816+00:00,1,,,0.00,2,,,,,,,,,,,,,,,0.00,1,1,,,1,keohvhw0,,,,,,1
1,wvurcymi,,0,7,7,stage_2,income_stated,2019-11-03 17:15:15.776365+00:00,1,,,500.00,1,,,,,,,,,,,,,,,0.00,1,1,,,1,idbpf4io,,,,,,1
2,movm7qs3,,0,7,7,stage_2,income_stated,2019-11-03 17:15:15.773186+00:00,1,,,500.00,2,,,,,,,,,,,,,,,0.00,1,1,,,1,idbpf4io,,,,,,1
1,dzb1gr50,,0,1,7,stage_1,check_understanding,2019-11-08 13:09:57.011555+00:00,1,,,0.00,1,,,,,,,,,,,,,,,0.00,1,,,,1,imtidv8q,,,,,,1
2,9y5cb9vj,,0,1,7,stage_1,check_understanding,2019-11-08 13:09:57.015706+00:00,1,,,0.00,2,,,,,,,,,,,,,,,0.00,1,,,,1,imtidv8q,,,,,,1
1,bzuyzgae,,0,1,7,stage_1,check_understanding,2019-11-08 13:17:38.990635+00:00,1,,,0.00,1,,,,,,,,,,,,,,,0.00,1,,,,1,zggs50o6,,,,,,1
2,cl695k6e,,0,1,7,stage_1,check_understanding,2019-11-08 13:17:38.993154+00:00,1,,,0.00,2,,,,,,,,,,,,,,,0.00,1,,,,1,zggs50o6,,,,,,1
1,ukxs1cb1,,0,7,9,stage_2,income_stated,2019-11-11 13:02:16.585984+00:00,1,,,500.00,1,,,,,,,,,,,,,,,0.00,1,1,,,1,6k613obj,,,,,,1
2,fsd6baig,,0,7,9,stage_2,income_stated,2019-11-11 13:02:16.584219+00:00,1,,,500.00,2,,,,,,,,,,,,,,,0.00,1,1,,,1,6k613obj,,,,,,1
1,59369b9h,,0,9,8,stage_2,questions_moral,2019-11-11 13:11:27.756487+00:00,1,,,500.00,1,,,,,,,,,,,,,,,0.00,1,1,,,1,whmw7fp9,,,,,,1
2,fpbouq1i,,0,7,8,stage_2,questions,2019-11-11 13:11:27.754530+00:00,1,,,500.00,2,,,,,,,,,,,,,,,0.00,1,1,,,1,whmw7fp9,,,,,,1
1,p0nkgf5g,,0,9,9,stage_2,questions_other,2019-11-11 13:17:57.492330+00:00,1,,,500.00,1,,,,,,,,,,,,,,,0.00,1,1,,,1,dybqs4cs,,,,,,1
2,sdcgdpoj,,0,7,9,stage_2,questions,2019-11-11 13:17:57.488146+00:00,1,,,500.00,2,,,,,,,,,,,,,,,0.00,1,1,,,1,dybqs4cs,,,,,,1
1,ej9k53v6,,0,9,9,stage_2,questions_other,2019-11-11 13:19:26.826480+00:00,1,,,500.00,1,,,,,,,,,,,,,,,0.00,1,1,,,1,4soguxlr,,,,,,1
2,huav5tff,,0,7,9,stage_2,questions,2019-11-11 13:19:26.828118+00:00,1,,,500.00,2,,,,,,,,,,,,,,,0.00,1,1,,,1,4soguxlr,,,,,,1
1,4l8pc04l,,0,8,9,stage_2,questions_moral,2019-11-11 13:29:48.856604+00:00,1,,,500.00,1,,,,,,,,,,,,,,,0.00,1,1,,,1,0s917a87,,,,,,1
2,ffprnuj7,,0,8,9,stage_2,questions_moral,2019-11-11 13:29:48.854747+00:00,1,,,500.00,2,,,,,,,,,,,,,,,0.00,1,1,,,1,0s917a87,,,,,,1
1,f3j21fww,,0,8,9,stage_2,questions_moral,2019-11-11 13:35:50.178892+00:00,1,,,500.00,1,,,,,,,,,,,,,,,0.00,1,1,,,1,i9n3xot6,,,,,,1
2,h01b65d0,,0,7,9,stage_2,questions,2019-11-11 13:35:50.176904+00:00,1,,,500.00,2,,,,,,,,,,,,,,,0.00,1,1,,,1,i9n3xot6,,,,,,1
1,izrqdhjr,,0,0,9,,,,0,,,0.00,1,,,,,,,,,,,,,,,0.00,1,,,,1,ob07bso0,,,,,,1
2,2tl8g1i5,,0,0,9,,,,0,,,0.00,2,,,,,,,,,,,,,,,0.00,1,,,,1,ob07bso0,,,,,,1
1,9eay12gb,,0,9,9,stage_2,questions_other,2019-11-11 13:54:38.719310+00:00,1,,,500.00,1,,,,,,,,,,,,,,,0.00,1,1,,,1,zku4ck7d,,,,,,1
2,jbicem9j,,0,7,9,stage_2,questions,2019-11-11 13:54:38.721049+00:00,1,,,500.00,2,,,,,,,,,,,,,,,0.00,1,1,,,1,zku4ck7d,,,,,,1
1,92of9umw,,0,9,9,stage_2,questions_other,2019-11-11 14:00:00.949340+00:00,1,,,500.00,1,,,,,,,,,,,,,,,0.00,1,1,,,1,ca2qve78,,,,,,1
2,8d0u5jzs,,0,7,9,stage_2,questions,2019-11-11 14:00:00.951491+00:00,1,,,500.00,2,,,,,,,,,,,,,,,0.00,1,1,,,1,ca2qve78,,,,,,1
1,aqwzyfyd,,0,9,9,stage_2,questions_other,2019-11-11 14:01:17.207354+00:00,1,,,500.00,1,,,,,,,,,,,,,,,0.00,1,1,,,1,i2mxudso,,,,,,1
2,x2i2xdhm,,0,7,9,stage_2,questions,2019-11-11 14:01:17.209040+00:00,1,,,500.00,2,,,,,,,,,,,,,,,0.00,1,1,,,1,i2mxudso,,,,,,1
1,z4d5kvxe,,0,7,7,stage_2,questions_other,2019-11-11 14:02:27.007831+00:00,1,,,500.00,1,,,,,,,,,,,,,,,0.00,1,1,,,1,an68qlzb,,,,,,1
2,jcfcegqb,,0,7,7,stage_2,questions_other,2019-11-11 14:02:27.006198+00:00,1,,,500.00,2,,,,,,,,,,,,,,,0.00,1,1,,,1,an68qlzb,,,,,,1
1,xqp6o1y0,,0,7,7,stage_2,questions_other,2019-11-11 14:03:40.770561+00:00,1,,,500.00,1,,,,,,,,,,,,,,,0.00,1,1,,,1,g5lchnaq,,,,,,1
2,8hebcwmf,,0,6,7,stage_2,income_stated,2019-11-11 14:03:40.774129+00:00,1,,,500.00,2,,,,,,,,,,,,,,,0.00,1,1,,,1,g5lchnaq,,,,,,1
1,p6qcuiyq,,0,7,7,stage_2,questions_other,2019-11-11 14:06:44.939906+00:00,1,,,500.00,1,,,,,,,,,,,,,,,0.00,1,1,,,1,izc0qdjp,,,,,,1
2,x0mnrr4n,,0,6,7,stage_2,income_stated,2019-11-11 14:06:44.941734+00:00,1,,,500.00,2,,,,,,,,,,,,,,,0.00,1,1,,,1,izc0qdjp,,,,,,1
1,dwqqe5o8,,0,7,7,stage_2,questions_moral,2019-11-11 14:28:21.353702+00:00,1,,,500.00,1,,,,,,,,,,,,,,,0.00,1,1,,,1,p0ie5yap,,,,,,1
2,gchqmd1z,,0,7,7,stage_2,questions_moral,2019-11-11 14:28:21.429774+00:00,1,,,500.00,2,,,,,,,,,,,,,,,0.00,1,1,,,1,p0ie5yap,,,,,,1
1,11ddskqj,,0,7,7,stage_2,questions_other,2019-11-11 14:39:31.406229+00:00,1,,,500.00,1,,,,,,,,,,,,,,,0.00,1,1,,,1,ku3mpjjx,,,,,,1
2,cub8bz3b,,0,6,7,stage_2,income_stated,2019-11-11 14:39:31.412256+00:00,1,,,500.00,2,,,,,,,,,,,,,,,0.00,1,1,,,1,ku3mpjjx,,,,,,1
1,0pb19a0h,,0,9,8,stage_2,questions_expdem,2019-11-11 14:55:33.444218+00:00,1,,,500.00,1,,,,,,,,,,,,,,,0.00,1,1,,,1,xd750r6x,,,,,,1
2,955lzijs,,0,9,8,stage_2,questions_expdem,2019-11-11 14:55:33.438193+00:00,1,,,500.00,2,,,,,,,,,,,,,,,0.00,1,1,,,1,xd750r6x,,,,,,1
1,8qtv41xf,,0,10,9,stage_2,outro,2019-11-11 15:00:03.207411+00:00,1,,,500.00,1,,,,,,,,,,,,,,,0.00,1,1,,,1,2de6ndrc,,,,,,1
2,0oeam9bl,,0,10,9,stage_2,outro,2019-11-11 15:00:03.209612+00:00,1,,,500.00,2,,,,,,,,,,,,,,,0.00,1,1,,,1,2de6ndrc,,,,,,1
1,uz3u2mio,,0,4,11,stage_1,chat_wait,2019-11-11 15:04:57.511154+00:00,1,,,0.00,1,,,,,,,,,,,,,,,0.00,1,,,,1,cooxfxhd,,,,,,1
2,8zx3fsyk,,0,1,11,stage_1,introduction,2019-11-11 15:04:57.587457+00:00,1,,,0.00,2,,,,,,,,,,,,,,,0.00,1,,,,1,cooxfxhd,,,,,,1
1,o2o1tvsu,,0,11,11,stage_2,outro,2019-11-11 15:12:34.377834+00:00,1,,,500.00,1,,,,,,,,,,,,,,,0.00,1,1,,,1,ksxmoxsa,,,,,,1
2,x59touig,,0,11,11,stage_2,outro,2019-11-11 15:12:34.376097+00:00,1,,,500.00,2,,,,,,,,,,,,,,,0.00,1,1,,,1,ksxmoxsa,,,,,,1
1,82blfec2,,0,9,13,stage_2,questions_socio,2019-11-11 19:11:38.356586+00:00,1,,,41.00,1,,2,,,,,,,,,,,,,0.00,1,1,,,1,fxn8nrfl,,,,,,1
2,oervu4b1,,0,13,13,stage_2,outro,2019-11-11 19:11:38.358361+00:00,1,,,41.00,2,,2,,,,,,,,,,,,,0.00,1,1,,,1,fxn8nrfl,,,,,,1
1,qoqukats,,0,13,13,stage_2,outro,2019-11-11 19:20:40.125554+00:00,1,,,40.00,1,,4,,,,,,,,,,,,,0.00,1,1,,,1,732infbf,,,,,,1
2,1xm1g9xh,,0,8,13,stage_2,inform_payoff,2019-11-11 19:21:18.486990+00:00,1,,,40.00,2,,3,,,,,,,,,,,,,0.00,1,1,,,1,732infbf,,,,,,1
1,h8rnwxzt,,0,6,5,stage_1,state_hours_wait,2019-11-14 07:26:41.975628+00:00,1,,,0.00,1,,2,,,,,,,,,,,,,0.00,1,1,,,1,3bcjhc9c,,,,,,1
2,l0hv1ur8,,0,6,5,stage_1,state_hours_wait,2019-11-14 07:26:41.971508+00:00,1,,,0.00,2,,2,,,,,,,,,,,,,0.00,1,1,,,1,3bcjhc9c,,,,,,1
1,uko5ehew,,0,6,5,stage_1,state_hours_wait,2019-11-14 07:30:36.561905+00:00,1,,,0.00,1,,2,,,,,,,,,,,,,0.00,1,1,,,1,3q0fg9m6,,,,,,1
2,17kpo8ol,,0,6,5,stage_1,state_hours_wait,2019-11-14 07:30:36.565570+00:00,1,,,0.00,2,,2,,,,,,,,,,,,,0.00,1,1,,,1,3q0fg9m6,,,,,,1
1,29vo931f,,0,6,5,stage_1,state_hours_wait,2019-11-14 07:31:49.745999+00:00,1,,,0.00,1,,2,,,,,,,,,,,,,0.00,1,1,,,1,3d2warc9,,,,,,1
2,w4313el3,,0,6,5,stage_1,state_hours_wait,2019-11-14 07:31:49.748689+00:00,1,,,0.00,2,,2,,,,,,,,,,,,,0.00,1,1,,,1,3d2warc9,,,,,,1
1,56a9i455,,0,7,12,stage_2,questions_moral,2019-11-14 07:45:42.432132+00:00,1,,,40.00,1,,1,,,,,,,,,,,,,0.00,1,1,,,1,g1yd3ug2,,,,,,1
2,ao6jojen,,0,7,12,stage_2,questions_moral,2019-11-14 07:45:42.430244+00:00,1,,,40.00,2,,2,,,,,,,,,,,,,0.00,1,1,,,1,g1yd3ug2,,,,,,1
1,gxw5ajdu,,0,7,12,stage_2,questions_moral,2019-11-14 07:48:30.296083+00:00,1,,,40.00,1,,1,,,,,,,,,,,,,0.00,1,1,,,1,l5jop8rv,,,,,,1
2,05quo264,,0,7,12,stage_2,questions_moral,2019-11-14 07:48:30.298535+00:00,1,,,40.00,2,,2,,,,,,,,,,,,,0.00,1,1,,,1,l5jop8rv,,,,,,1
1,9lb281uf,,0,8,13,stage_2,questions_moral,2019-11-14 07:59:39.815914+00:00,1,,,40.00,1,,1,,,,,,,,,,,,,0.00,1,1,,,1,7i35nmrj,,,,,,1
2,gdinknap,,0,7,13,stage_2,questions_socio,2019-11-14 07:59:39.814172+00:00,1,,,40.00,2,,2,,,,,,,,,,,,,0.00,1,1,,,1,7i35nmrj,,,,,,1
1,3so0489a,,0,8,13,stage_2,questions_moral,2019-11-14 08:16:31.981681+00:00,1,,,41.00,1,,1,,,,,,,,,,,,,0.00,1,1,,,1,2wxvxx4i,,,,,,1
2,q1x9sr3y,,0,7,13,stage_2,questions_socio,2019-11-14 08:16:31.983440+00:00,1,,,41.00,2,,1,,,,,,,,,,,,,0.00,1,1,,,1,2wxvxx4i,,,,,,1
1,obkyi2sm,,0,6,11,stage_2,questions_moral,2019-11-14 08:17:56.729311+00:00,1,,,40.00,1,,1,,,,,,,,,,,,,0.00,1,1,,,1,xyn9ermj,,,,,,1
2,rft6g44m,,0,6,11,stage_2,questions_moral,2019-11-14 08:17:56.731454+00:00,1,,,40.00,2,,2,,,,,,,,,,,,,0.00,1,1,,,1,xyn9ermj,,,,,,1
1,3advkmuc,,0,6,11,stage_2,questions_moral,2019-11-14 08:21:17.807316+00:00,1,,,40.00,1,,1,,,,,,,,,,,,,0.00,1,1,,,1,63dybjf2,,,,,,1
2,ycnvbrm4,,0,6,11,stage_2,questions_moral,2019-11-14 08:21:17.804825+00:00,1,,,40.00,2,,2,,,,,,,,,,,,,0.00,1,1,,,1,63dybjf2,,,,,,1
1,1h9qxopg,,0,7,11,stage_2,questions_other,2019-11-14 08:24:06.561914+00:00,1,,,41.00,1,,2,,,,,,,,,,,,,0.00,1,1,,,1,j7i0bmhn,,,,,,1
2,9ypm8uwu,,0,6,11,stage_2,questions_moral,2019-11-14 08:24:06.558631+00:00,1,,,41.00,2,,2,,,,,,,,,,,,,0.00,1,1,,,1,j7i0bmhn,,,,,,1
1,l0rmyxaq,,0,2,16,stage_1,check_understanding,2019-11-14 19:02:37.553804+00:00,1,,,0.00,1,,,,,,,,,,,,,,,0.00,1,,,,1,r18ujial,,,,,,1
2,0atzrqx5,,0,2,16,stage_1,check_understanding,2019-11-14 19:02:37.555487+00:00,1,,,0.00,2,,,,,,,,,,,,,,,0.00,1,,,,1,r18ujial,,,,,,1
1,2on04mfm,,0,4,16,stage_1,chat,2019-11-14 19:12:20.099155+00:00,1,,,0.00,1,,,,,,,,,3,1,,,,,0.00,1,,,,1,c18noo7k,,,,,,1
2,nl7ni6j9,,0,4,16,stage_1,chat,2019-11-14 19:12:20.101140+00:00,1,,,0.00,2,,,,,,,,,2,1,,,,,0.00,1,,,,1,c18noo7k,,,,,,1
1,l3ni34y4,,0,14,14,stage_2,outro,2019-11-14 19:17:49.363496+00:00,1,,,41.00,1,,3,,,,,,,,,,,,,0.00,1,1,,,1,6vtf12g3,,,,,,1
2,m544dt80,,0,8,14,stage_2,questions_socio,2019-11-14 19:17:49.368690+00:00,1,,,41.00,2,,3,,,,,,,,,,,,,0.00,1,1,,,1,6vtf12g3,,,,,,1
1,9qe9302y,,0,12,14,stage_2,inform_payoff,2019-11-14 20:02:24.494137+00:00,1,,,41.00,1,,2,,,,,,,,,,,,,0.00,1,1,,,1,not0b7yd,,,,,,1
2,hvsae99s,,0,8,14,stage_2,questions_socio,2019-11-14 20:02:24.496058+00:00,1,,,41.00,2,,2,,,,,,,,,,,,,0.00,1,1,,,1,not0b7yd,,,,,,1
1,6e0sxrjj,,0,7,14,stage_2,hours_wait,2019-11-14 20:26:46.469514+00:00,1,,,0.00,1,,2,,,,,,,,,,,,,0.00,1,1,,,1,pqcvooih,,,,,,1
2,sbor9xkd,,0,7,14,stage_2,hours_wait,2019-11-14 20:26:46.466495+00:00,1,,,0.00,2,,2,,,,,,,,,,,,,0.00,1,1,,,1,pqcvooih,,,,,,1
1,ic4h21sf,,0,7,14,stage_2,hours_wait,2019-11-14 20:28:11.509157+00:00,1,,,0.00,1,,3,,,,,,,,,,,,,0.00,1,1,,,1,f9abh44k,,,,,,1
2,pml9sngn,,0,7,14,stage_2,hours_wait,2019-11-14 20:28:11.504341+00:00,1,,,0.00,2,,3,,,,,,,,,,,,,0.00,1,1,,,1,f9abh44k,,,,,,1
1,y79ojaz9,,0,8,15,stage_2,hours_wait,2019-11-14 20:31:12.998002+00:00,1,,,0.00,1,,2,,,,,,,1,1,,,,,0.00,1,1,,,1,mavaf8q5,,,,,,1
2,50dcddqk,,0,8,15,stage_2,hours_wait,2019-11-14 20:31:12.999889+00:00,1,,,0.00,2,,2,,,,,,,2,2,,,,,0.00,1,1,,,1,mavaf8q5,,,,,,1
1,ja9uvksz,,0,9,15,stage_2,questions_socio,2019-11-14 20:41:23.811100+00:00,1,,,0.00,1,,2,,,,,,,1,2,,,,,0.00,1,1,,,1,o6o93dxn,,,,,,1
2,5scbu2kr,,0,9,15,stage_2,questions_socio,2019-11-14 20:41:23.812784+00:00,1,,,0.00,2,,2,,,,,,,2,1,,,,,0.00,1,1,,,1,o6o93dxn,,,,,,1
1,f3sg1e19,,0,13,15,stage_2,inform_payoff,2019-11-14 20:53:51.299045+00:00,1,,,0.00,1,,2,,,,,,,1,3,,,,,0.00,1,1,,,1,of4mmwzw,,,,,,1
2,wclb64k4,,0,13,15,stage_2,inform_payoff,2019-11-14 20:53:51.300974+00:00,1,,,0.00,2,,2,,,,,,,1,3,,,,,0.00,1,1,,,1,of4mmwzw,,,,,,1
1,riko890e,,0,13,15,stage_2,inform_payoff,2019-11-18 08:34:59.323940+00:00,1,,,0.00,1,,1,,,,,,,2,2,,,,,0.00,1,1,,,1,3x2p50yz,,,,,,1
2,8fy51p7k,,0,9,15,stage_2,questions_socio,2019-11-18 08:34:59.325775+00:00,1,,,0.00,2,,2,,,,,,,2,1,,,,,0.00,1,1,,,1,3x2p50yz,,,,,,1
1,lwnafwzb,,0,2,15,stage_1,chat_wait_before,2019-11-18 08:43:55.956671+00:00,1,,,0.00,1,,,,,,,,,1,2,,,,,0.00,1,,,,1,uytnga5m,,,,,,1
2,g8jrfcp2,,0,1,15,stage_1,check_understanding,2019-11-18 08:43:55.958441+00:00,1,,,0.00,2,,,,,,,,,,,,,,,0.00,1,,,,1,uytnga5m,,,,,,1
1,njf2ivqk,,0,2,16,stage_1,feedback_understanding,2019-11-18 08:48:54.803118+00:00,1,,,0.00,1,,,,,,,,,2,3,,,,,0.00,1,,,,1,3nh1a11z,,,,,,1
2,htzcmqb3,,0,1,16,stage_1,check_understanding,2019-11-18 08:48:54.808468+00:00,1,,,0.00,2,,,,,,,,,,,,,,,0.00,1,,,,1,3nh1a11z,,,,,,1
1,0hwfmpy5,,0,2,16,stage_1,feedback_understanding,2019-11-18 08:51:34.111640+00:00,1,,,0.00,1,,,,,,,,,1,1,,,,,0.00,1,,,,1,98l5nhp6,,,,,,1
2,x16csss4,,0,1,16,stage_1,check_understanding,2019-11-18 08:51:34.109708+00:00,1,,,0.00,2,,,,,,,,,,,,,,,0.00,1,,,,1,98l5nhp6,,,,,,1
1,imf4fxnn,,0,8,16,stage_1,state_hours_wait,2019-11-18 08:52:53.012443+00:00,1,,,0.00,1,,1,,,,,,,1,3,,,,,0.00,1,1,,,1,ern9bcmu,,,,,,1
2,kc16kjc2,,0,8,16,stage_1,state_hours_wait,2019-11-18 08:52:53.010535+00:00,1,,,0.00,2,,2,,,,,,,3,1,,,,,0.00,1,1,,,1,ern9bcmu,,,,,,1
1,hcptm11k,,0,6,16,stage_1,state_hours,2019-11-18 08:57:41.303928+00:00,1,,,0.00,1,,,,,,,,,1,1,,,,,0.00,1,1,,,1,l0j2wf4l,,,,,,1
2,kiv6gjq6,,0,6,16,stage_1,state_hours,2019-11-18 08:57:41.302027+00:00,1,,,0.00,2,,,,,,,,,1,1,,,,,0.00,1,1,,,1,l0j2wf4l,,,,,,1
1,4n5n7wbc,,0,15,17,stage_2,inform_payoff,2019-11-18 09:03:04.640125+00:00,1,,,0.00,1,,1,,,,,,,1,1,,,,,0.00,1,1,,,1,e0uql0da,,,,,,1
2,jkcvpd4w,,0,11,17,stage_2,questions_socio,2019-11-18 09:03:04.642126+00:00,1,,,0.00,2,,1,,,,,,,1,1,,,,,0.00,1,1,,,1,e0uql0da,,,,,,1
1,poheutsi,,0,1,13,stage_1,check_understanding,2019-11-18 09:07:34.026890+00:00,1,,,0.00,1,,,,,,,,,,,,,,,0.00,1,,,,1,4zocazoy,,,,,,1
2,wjte5gmy,,0,1,13,stage_1,check_understanding,2019-11-18 09:07:34.028832+00:00,1,,,0.00,2,,,,,,,,,,,,,,,0.00,1,,,,1,4zocazoy,,,,,,1
1,t4lpmyv3,,0,10,12,stage_2,inform_payoff,2019-11-18 09:07:55.079469+00:00,1,,,0.00,1,,1,,,,,,,1,1,,,,,0.00,1,1,,,1,jw8b3tqi,,,,,,1
2,dcdal7cw,,0,10,12,stage_2,inform_payoff,2019-11-18 09:07:55.082003+00:00,1,,,0.00,2,,1,,,,,,,1,1,,,,,0.00,1,1,,,1,jw8b3tqi,,,,,,1
1,ebuftn61,,0,1,12,stage_1,check_understanding,2019-11-18 09:27:53.486930+00:00,1,,,0.00,1,,,,,,,,,,,,,,,0.00,1,,,,1,b1074xok,,,,,,1
2,0ft3t57q,,0,1,12,stage_1,check_understanding,2019-11-18 09:27:53.495680+00:00,1,,,0.00,2,,,,,,,,,,,,,,,0.00,1,,,,1,b1074xok,,,,,,1
1,v19a1nl4,,0,7,17,stage_1,state_hours,2019-11-18 09:28:24.202189+00:00,1,,,0.00,1,,,,,,,,,1,1,,,,,0.00,1,1,,,1,pgoho96u,,,,,,1
2,84svfhsg,,0,7,17,stage_1,state_hours,2019-11-18 09:28:24.200149+00:00,1,,,0.00,2,,,,,,,,,1,1,,,,,0.00,1,1,,,1,pgoho96u,,,,,,1
1,hgmxxyrr,,0,17,17,stage_2,outro,2019-11-18 09:56:56.480928+00:00,1,,,67.00,1,,3,,,,,,,1,1,,,,,0.00,1,1,,,1,ljrdo84w,,,,,,1
2,1ed8id2m,,0,11,17,stage_2,questions_socio,2019-11-18 09:57:00.041384+00:00,1,,,68.00,2,,2,,,,,,,1,1,,,,,0.00,1,1,,,1,ljrdo84w,,,,,,1
1,n4b1srbu,,0,15,17,stage_2,inform_payoff,2019-11-18 10:02:08.373058+00:00,1,,,68.00,1,,2,,,,,,,2,1,,,,,0.00,1,1,,,1,me0eylf0,,,,,,1
2,4y38zrrc,,0,11,17,stage_2,questions_socio,2019-11-18 10:02:11.049013+00:00,1,,,68.00,2,,2,,,,,,,1,1,,,,,0.00,1,1,,,1,me0eylf0,,,,,,1
1,aoajahzy,,0,7,11,stage_2,hours_wait,2019-11-18 10:22:35.361955+00:00,1,,,0.00,1,,2,,,,,,,2,1,,,,,0.00,1,1,,,1,tncfz854,,,,,,1
2,awd8s7dw,,0,7,11,stage_2,hours_wait,2019-11-18 10:22:35.363596+00:00,1,,,0.00,2,,2,,,,,,,2,3,,,,,0.00,1,1,,,1,tncfz854,,,,,,1
1,b672bwwl,,0,10,13,stage_2,questions_other,2019-11-18 10:23:20.632045+00:00,1,,,68.00,1,,2,,,,,,,2,1,,,,,0.00,1,1,,,1,nlq0wi1z,,,,,,1
2,htvuj6rh,,0,10,13,stage_2,questions_other,2019-11-18 10:23:20.629883+00:00,1,,,68.00,2,,2,,,,,,,1,2,,,,,0.00,1,1,,,1,nlq0wi1z,,,,,,1
1,fe76wfwx,,0,1,13,stage_1,check_understanding,2019-11-19 09:21:02.981945+00:00,1,,,0.00,1,,,,,,,,,,,,,,,0.00,1,,,,1,qwb9jmmo,,,,,,1
2,3mhb000o,,0,1,13,stage_1,check_understanding,2019-11-19 09:21:02.980034+00:00,1,,,0.00,2,,,,,,,,,,,,,,,0.00,1,,,,1,qwb9jmmo,,,,,,1
1,i5d5w5rb,,0,1,14,stage_1,check_understanding,2019-11-19 09:29:46.358664+00:00,1,,,0.00,1,,,,,,,,,,,,,,,0.00,1,,,,1,1uch3zea,,,,,,1
2,mc7cnkpb,,0,1,14,stage_1,check_understanding,2019-11-19 09:29:46.302976+00:00,1,,,0.00,2,,,,,,,,,,,,,,,0.00,1,,,,1,1uch3zea,,,,,,1
1,8w1k6xap,,0,11,14,stage_2,questions_other,2019-11-19 09:33:00.695988+00:00,1,,,68.00,1,,2,,,,,,,1,3,,,,,0.00,1,1,,,1,tc8lckbk,,,,,,1
2,z6kc5ft3,,0,11,14,stage_2,questions_other,2019-11-19 09:33:00.697896+00:00,1,,,68.00,2,,2,,,,,,,2,3,,,,,0.00,1,1,,,1,tc8lckbk,,,,,,1
1,vvwciw7s,,0,2,17,stage_1,feedback_understanding_0,2019-11-19 09:50:22.178548+00:00,1,,,0.00,1,,,,,,,,,1,2,,,,,0.00,1,,,,1,reea2quf,,,,,,1
2,10137fy1,,0,1,17,stage_1,check_understanding,2019-11-19 09:50:22.181764+00:00,1,,,0.00,2,,,,,,,,,,,,,,,0.00,1,,,,1,reea2quf,,,,,,1
1,em97z69t,,0,7,17,stage_1,state_hours,2019-11-19 09:56:38.559023+00:00,1,,,0.00,1,,,,,,,,,1,1,,,,,0.00,1,1,,,1,rqteg9u2,,,,,,1
2,2m3aukxf,,0,7,17,stage_1,state_hours,2019-11-19 09:56:38.560852+00:00,1,,,0.00,2,,,,,,,,,2,2,,,,,0.00,1,1,,,1,rqteg9u2,,,,,,1
1,kqgcqve6,,0,13,17,stage_2,questions_other,2019-11-19 10:12:15.743722+00:00,1,,,68.00,1,,2,,,,,,,1,1,,,,,0.00,1,1,,,1,dshp6cio,,,,,,1
2,gtm4rqr8,,0,13,17,stage_2,questions_other,2019-11-19 10:12:15.741422+00:00,1,,,68.00,2,,2,,,,,,,3,1,,,,,0.00,1,1,,,1,dshp6cio,,,,,,1
1,lsx7ke4s,,0,10,12,stage_2,inform_payoff,2019-11-19 14:00:46.351111+00:00,1,,,69.00,1,,1,,,,,,,3,2,,,,,0.00,1,1,,,1,lhz6t35u,,,,,,1
2,3k5270v7,,0,10,12,stage_2,inform_payoff,2019-11-19 14:00:46.353112+00:00,1,,,69.00,2,,1,,,,,,,1,1,,,,,0.00,1,1,,,1,lhz6t35u,,,,,,1
1,c8vm0rvt,,0,9,12,stage_2,hours_wait,2019-11-19 14:09:41.470020+00:00,1,,,0.00,1,,1,,,,,,,3,1,,,,,0.00,1,1,,,1,p8xv05r2,,,,,,1
2,rsn00qtv,,0,9,12,stage_2,hours_wait,2019-11-19 14:09:41.477318+00:00,1,,,0.00,2,,1,,,,,,,2,1,,,,,0.00,1,1,,,1,p8xv05r2,,,,,,1
1,nrgpbcah,,0,10,12,stage_2,inform_payoff,2019-11-19 14:10:37.383236+00:00,1,,,87.00,1,,1,,,,,,,2,1,,,,,0.00,1,1,,,1,29de49ud,,,,,,1
2,ayvvyrkr,,0,10,12,stage_2,inform_payoff,2019-11-19 14:10:37.378221+00:00,1,,,87.00,2,,1,,,,,,,2,2,,,,,0.00,1,1,,,1,29de49ud,,,,,,1
1,mp2lzw7t,,0,9,12,stage_2,hours_wait,2019-11-19 14:13:46.950532+00:00,1,,,0.00,1,,1,,,,,,,3,1,,,,,0.00,1,1,,,1,g7arca5g,,,,,,1
2,pl9xb7sv,,0,9,12,stage_2,hours_wait,2019-11-19 14:13:46.956844+00:00,1,,,0.00,2,,2,,,,,,,3,1,,,,,0.00,1,1,,,1,g7arca5g,,,,,,1
1,y21ukt0o,,0,9,12,stage_2,hours_wait,2019-11-19 14:22:40.180786+00:00,1,,,0.00,1,,1,,,,,,,2,2,,,,,0.00,1,1,,,1,ng2ejm8e,,,,,,1
2,a1httrxi,,0,9,12,stage_2,hours_wait,2019-11-19 14:22:40.183819+00:00,1,,,0.00,2,,3,,,,,,,3,1,,,,,0.00,1,1,,,1,ng2ejm8e,,,,,,1
1,fzwns1bi,,0,9,12,stage_2,hours_wait,2019-11-19 14:26:46.447363+00:00,1,,,0.00,1,,1,,,,,,,2,2,,,,,0.00,1,1,,,1,j13vi7ne,,,,,,1
2,ga9glm1c,,0,9,12,stage_2,hours_wait,2019-11-19 14:26:46.452600+00:00,1,,,0.00,2,,2,,,,,,,2,1,,,,,0.00,1,1,,,1,j13vi7ne,,,,,,1
1,21qfs2mk,,0,12,12,stage_2,outro,2019-11-19 14:30:57.499933+00:00,1,,,24.90,1,,1,,,,,,,2,1,,,,,0.00,1,1,,,1,smtwwlyu,,,,,,1
2,bl12w7x5,,0,12,12,stage_2,outro,2019-11-19 14:30:57.504525+00:00,1,,,23.80,2,,2,,,,,,,3,2,,,,,0.00,1,1,,,1,smtwwlyu,,,,,,1
1,xsjll1c7,,0,10,11,stage_2,outro_feedback,2019-11-19 14:47:39.770870+00:00,1,,,87.00,1,,1,,,,,,,3,2,,,,,0.00,1,1,,,1,5s37ce8o,,,,,,1
2,o2jea6vf,,0,10,11,stage_2,outro_feedback,2019-11-19 14:47:39.811453+00:00,1,,,87.00,2,,1,,,,,,,3,1,,,,,0.00,1,1,,,1,5s37ce8o,,,,,,1
1,rsu0a5nd,,0,6,11,stage_1,state_hours,2019-11-19 15:26:34.112005+00:00,1,,,0.00,1,,5,,,,,,,3,2,,,,,0.00,1,1,,,1,rzmuzbki,,,,,,1
2,0qluz7mv,,0,6,11,stage_1,state_hours,2019-11-19 15:26:34.109952+00:00,1,,,0.00,2,,,,,,,,,2,2,,,,,0.00,1,1,,,1,rzmuzbki,,,,,,1
1,wngyf1zf,,0,6,11,stage_1,state_hours,2019-11-19 15:39:48.225894+00:00,1,,,0.00,1,0,,,,,,,,1,2,,,,,0.00,1,1,,,1,jyuae6vw,,,,,,1
2,udqqtl3x,,0,6,11,stage_1,state_hours,2019-11-19 15:39:48.223875+00:00,1,,,0.00,2,0,,,,,,,,1,1,,,,,0.00,1,1,,,1,jyuae6vw,,,,,,1
1,pl88b1jc,,0,3,11,stage_1,chat_wait_before,2019-11-19 15:42:10.373596+00:00,1,,,0.00,1,0,,,,,,,,1,2,,,,,0.00,1,,,,1,m6zccsc4,,,,,,1
2,pag1xp19,,0,1,11,stage_1,introduction,2019-11-19 15:42:10.376771+00:00,1,,,0.00,2,,,,,,,,,,,,,,,0.00,1,,,,1,m6zccsc4,,,,,,1
1,w1q0jvi0,,0,6,11,stage_1,state_hours,2019-11-19 15:43:08.223811+00:00,1,,,0.00,1,0,2,,,,,,,2,2,,,,,0.00,1,1,,,1,m9n8r7fn,,,,,,1
2,33g06b7v,,0,6,11,stage_1,state_hours,2019-11-19 15:43:08.221747+00:00,1,,,0.00,2,0,2,,,,,,,2,2,,,,,0.00,1,1,,,1,m9n8r7fn,,,,,,1
1,o2luqsjo,,0,4,11,stage_1,chat,2019-11-19 15:49:33.309744+00:00,1,,,0.00,1,0,,,,,,,,3,1,,,,,0.00,1,,,,1,54evm6qo,,,,,,1
2,5vwrzhj4,,0,4,11,stage_1,chat,2019-11-19 15:49:33.311797+00:00,1,,,0.00,2,0,,,,,,,,2,1,,,,,0.00,1,,,,1,54evm6qo,,,,,,1
1,sljbzf8b,,0,1,12,stage_1,ini,2019-11-20 08:39:31.281101+00:00,1,,,0.00,1,,,,,,,,,,,,,,,0.00,1,,,,1,v9lw2zsd,,,,,,1
2,6vj6m34i,,0,1,12,stage_1,ini,2019-11-20 08:39:31.284151+00:00,1,,,0.00,2,,,,,,,,,,,,,,,0.00,1,,,,1,v9lw2zsd,,,,,,1
1,qp2sg3k3,,0,5,11,stage_1,chat_wait,2019-11-20 09:02:45.971395+00:00,1,,,0.00,1,0,,,,,,,,2,1,,,,,0.00,1,,,,1,cbckzts4,,,,,,1
2,rpkx4uby,,0,5,11,stage_1,chat_wait,2019-11-20 09:02:45.973687+00:00,1,,,0.00,2,0,,,,,,,,2,1,,,,,0.00,1,,,,1,cbckzts4,,,,,,1
1,uns4zcgd,,0,5,11,stage_1,chat_wait,2019-11-20 09:07:37.981644+00:00,1,,,0.00,1,0,,,,,,,,2,1,,,,,0.00,1,,,,1,gsivlpz5,,,,,,1
2,kterfm87,,0,5,11,stage_1,chat_wait,2019-11-20 09:07:37.974995+00:00,1,,,0.00,2,0,,,,,,,,1,2,,,,,0.00,1,,,,1,gsivlpz5,,,,,,1
1,bngtlofe,,0,5,11,stage_1,chat_wait,2019-11-20 09:09:31.715535+00:00,1,,,0.00,1,0,,,,,,,,3,1,,,,,0.00,1,,,,1,gzxddujp,,,,,,1
2,q43386g9,,0,5,11,stage_1,chat_wait,2019-11-20 09:09:31.723759+00:00,1,,,0.00,2,0,,,,,,,,1,1,,,,,0.00,1,,,,1,gzxddujp,,,,,,1
1,g5hwltt3,,0,6,12,stage_1,chat_wait,2019-11-20 09:16:23.654926+00:00,1,,,0.00,1,0,,,,,,,,2,2,,,,,0.00,1,,,,1,r0e323ul,,,,,,1
2,1h3mp7qd,,0,6,12,stage_1,chat_wait,2019-11-20 09:16:23.657028+00:00,1,,,0.00,2,0,,,,,,,,2,1,,,,,0.00,1,,,,1,r0e323ul,,,,,,1
1,482eynz9,,0,6,12,stage_1,chat_wait,2019-11-20 09:23:29.827345+00:00,1,,,0.00,1,0,,,,,,,,1,2,,,,,0.00,1,,,,1,0hrf26z9,,,,,,1
2,ufldmqhy,,0,6,12,stage_1,chat_wait,2019-11-20 09:23:29.823001+00:00,1,,,0.00,2,0,,,,,,,,2,1,,,,,0.00,1,,,,1,0hrf26z9,,,,,,1
1,n91vpfle,,0,2,12,stage_1,introduction,2019-11-20 10:09:59.437690+00:00,1,,,0.00,1,,,,,,,,,,,,,,,0.00,1,,,,1,l4asght5,,,,,,1
2,bxysddo8,,0,2,12,stage_1,introduction,2019-11-20 10:09:59.440193+00:00,1,,,0.00,2,,,,,,,,,,,,,,,0.00,1,,,,1,l4asght5,,,,,,1
1,v7ax8azv,,0,4,12,stage_1,chat_wait_before,2019-11-20 10:31:43.785859+00:00,1,,,0.00,1,0,,,,,,,,2,2,,,,,0.00,1,,,,1,erqhkxpk,,,,,,1
2,brp9cuu0,,0,3,12,stage_1,check_understanding,2019-11-20 10:31:43.787842+00:00,1,,,0.00,2,,,,,,,,,,,,,,,0.00,1,,,,1,erqhkxpk,,,,,,1
1,ch3qgrqc,,0,6,12,stage_1,chat_wait,2019-11-20 11:10:04.751850+00:00,1,,,0.00,1,0,,,,,,,,2,2,,,,,0.00,1,,,,1,qah5dl5f,,,,,,1
2,z9pij1tp,,0,6,12,stage_1,chat_wait,2019-11-20 11:10:04.753617+00:00,1,,,0.00,2,0,,,,,,,,2,1,,,,,0.00,1,,,,1,qah5dl5f,,,,,,1
1,0os6q4nn,,0,4,10,stage_1,chat_wait,2019-11-20 11:11:43.466726+00:00,1,,,0.00,1,,,,,,,,,,,,,,,0.00,1,,,,1,g98jmfh8,,,,,,1
2,rbxnrnqa,,0,4,10,stage_1,chat_wait,2019-11-20 11:11:43.464865+00:00,1,,,0.00,2,,,,,,,,,,,,,,,0.00,1,,,,1,g98jmfh8,,,,,,1
1,mc8d6szv,,0,2,8,stage_1,chat_wait,2019-11-20 11:13:25.521772+00:00,1,,,0.00,1,,,,,,,,,,,,,,,0.00,1,,,,1,zldt4llo,,,,,,1
2,sk5qgz98,,0,2,8,stage_1,chat_wait,2019-11-20 11:13:25.524352+00:00,1,,,0.00,2,,,,,,,,,,,,,,,0.00,1,,,,1,zldt4llo,,,,,,1
1,kwezethu,,0,3,8,stage_1,state_hours,2019-11-20 11:17:45.104986+00:00,1,,,0.00,1,,,,,,,,,,,,,,,0.00,1,,1,random,1,a6mtgieu,,,,,,1
2,pnk9bf8k,,0,3,8,stage_1,state_hours,2019-11-20 11:17:45.097611+00:00,1,,,0.00,2,,,,,,,,,,,,,,,0.00,1,,1,random,1,a6mtgieu,,,,,,1
1,mn76g7ln,,0,3,13,stage_1,intro_spec,2019-11-20 11:34:23.533430+00:00,1,,,0.00,1,,,,,,,,,,,,,,,0.00,1,,,random,1,uc54d1rr,,,,,,1
2,1bky8o2p,,0,3,13,stage_1,intro_spec,2019-11-20 11:34:23.535472+00:00,1,,,0.00,2,,,,,,,,,,,,,,,0.00,1,,,random,1,uc54d1rr,,,,,,1
1,372c8ypn,,0,3,13,stage_1,intro_spec,2019-11-20 11:38:38.505014+00:00,1,,,0.00,1,,,,,,,,,,,,,,,0.00,1,,,random,1,0tpptv5b,,,,,,1
2,gyubupyk,,0,3,13,stage_1,intro_spec,2019-11-20 11:38:38.498771+00:00,1,,,0.00,2,,,,,,,,,,,,,,,0.00,1,,,random,1,0tpptv5b,,,,,,1
1,2lmxinmh,,0,1,10,stage_1,check_understanding,2019-11-20 11:49:32.986707+00:00,1,,,0.00,1,,,,,,,,,,,,,,,0.00,1,,,random,1,80bupwys,,,,,,1
2,5gi7h14m,,0,1,10,stage_1,check_understanding,2019-11-20 11:49:32.977181+00:00,1,,,0.00,2,,,,,,,,,,,,,,,0.00,1,,,random,1,80bupwys,,,,,,1
1,bzzwe9xs,,0,1,10,stage_1,check_understanding,2019-11-20 11:52:08.376481+00:00,1,,,0.00,1,,,,,,,,,,,,,,,0.00,1,,,random,1,ibqk5x95,,,,,,1
2,jd4aladh,,0,1,10,stage_1,check_understanding,2019-11-20 11:52:08.378474+00:00,1,,,0.00,2,,,,,,,,,,,,,,,0.00,1,,,random,1,ibqk5x95,,,,,,1
1,lh1h8kih,,0,1,10,stage_1,check_understanding,2019-11-20 11:54:51.353919+00:00,1,,,0.00,1,,,,,,,,,1,2,,,,,0.00,1,,,random,1,ot20bvii,,,,,,1
2,tp2k0p94,,0,1,10,stage_1,check_understanding,2019-11-20 11:54:51.351866+00:00,1,,,0.00,2,,,,,,,,,,,,,,,0.00,1,,,random,1,ot20bvii,,,,,,1
1,gaylnhbv,,0,1,10,stage_1,check_understanding,2019-11-20 11:57:59.381794+00:00,1,,,0.00,1,,,,,,,,,,,,,,,0.00,1,,,random,1,zt6e08pe,,,,,,1
2,ir43rx2b,,0,1,10,stage_1,check_understanding,2019-11-20 11:57:59.384765+00:00,1,,,0.00,2,,,,,,,,,,,,,,,0.00,1,,,random,1,zt6e08pe,,,,,,1
1,hmkfosq6,,0,14,14,stage_2,outro,2019-11-20 12:05:54.273096+00:00,1,,,45.00,1,0,22,,,,,,,1,2,,,,,0.00,1,,1,random,1,4llnd57o,,,,,,1
2,t02ujfqm,,0,14,14,stage_2,outro,2019-11-20 12:05:54.276232+00:00,1,,,83.00,2,0,3,,,,,,,1,2,,,,,0.00,1,,1,random,1,4llnd57o,,,,,,1
1,d3k12mz4,,1,1,18,stage_1,intro_gen,2019-11-20 12:13:12.331689+00:00,1,,,0.00,1,,,,,,,,,,,,,,,0.00,1,,,random,1,dwxhuwwm,,,,,,1
2,4ew4zxam,,1,1,18,stage_1,intro_gen,2019-11-20 12:13:12.329368+00:00,1,,,0.00,2,,,,,,,,,,,,,,,0.00,1,,,random,1,dwxhuwwm,,,,,,1
1,cooiacrn,,0,13,18,stage_2,questions_other,2019-11-20 12:13:40.109924+00:00,1,,,0.00,1,0,2,,,,,,,1,2,,,,,0.00,1,,0,random,1,zbgc0zvd,,,,,,1
2,cg0ipmeh,,0,15,18,stage_2,payoff_wait,2019-11-20 12:13:40.107400+00:00,1,,,0.00,2,0,22,,,,,,,1,2,,,,,0.00,1,,0,random,1,zbgc0zvd,,,,,,1
1,yr9qjiag,,0,18,18,stage_2,outro,2019-11-20 12:24:32.672031+00:00,1,,,83.00,1,0,3,,,,,,,1,2,,,,,0.00,1,,0,random,1,neila7uz,,,,,,1
2,lp3dti8n,,0,18,18,stage_2,outro,2019-11-20 12:24:32.673845+00:00,1,,,83.00,2,0,3,,,,,,,1,2,,,,,0.00,1,,0,random,1,neila7uz,,,,,,1
1,ibjuk22o,,0,10,18,stage_2,questions_prep,2019-11-21 08:22:49.821643+00:00,1,,,0.00,1,0,1,,,,,,,1,2,,,,,0.00,1,,1,random,1,y2rfcdhl,,,,,,1
2,9zdfjq4l,,0,10,18,stage_2,questions_prep,2019-11-21 08:22:49.828979+00:00,1,,,0.00,2,0,22,,,,,,,1,2,,,,,0.00,1,,1,random,1,y2rfcdhl,,,,,,1
1,oceqbl5w,,0,16,18,stage_2,payoff_show,2019-11-21 08:42:03.746281+00:00,1,,,85.00,1,0,2,,,,,,,1,2,,,,,0.00,1,,0,random,1,hvhq7j00,,,,,,1
2,069k0dpw,,0,16,18,stage_2,payoff_show,2019-11-21 08:42:08.304485+00:00,1,,,85.00,2,0,2,,,,,,,1,2,,,,,0.00,1,,0,random,1,hvhq7j00,,,,,,1
1,ircrja8c,,0,4,18,stage_1,check_understanding,2019-11-21 09:16:29.835361+00:00,1,,,0.00,1,,,,,,,,,,,,,,,0.00,1,,,random,1,gjrsmeeu,,,,,,1
2,vz3qd92j,,0,4,18,stage_1,check_understanding,2019-11-21 09:16:29.849482+00:00,1,,,0.00,2,,,,,,,,,,,,,,,0.00,1,,,random,1,gjrsmeeu,,,,,,1
1,5xkqt4ba,,0,3,18,stage_1,intro_spec,2019-11-21 09:26:41.913805+00:00,1,,,0.00,1,,,,,,,,,,,,,,,0.00,1,,,random,1,gc73e7tl,,,,,,1
2,pbgf5cku,,0,3,18,stage_1,intro_spec,2019-11-21 09:26:41.910945+00:00,1,,,0.00,2,,,,,,,,,,,,,,,0.00,1,,,random,1,gc73e7tl,,,,,,1
1,7ocnkfh0,,0,4,18,stage_1,check_understanding,2019-11-21 09:28:56.221627+00:00,1,,,0.00,1,,,,,,,,,,,,,,,0.00,1,,,random,1,jqq3sqwe,,,,,,1
2,p222re6l,,0,4,18,stage_1,check_understanding,2019-11-21 09:28:56.215710+00:00,1,,,0.00,2,,,,,,,,,,,,,,,0.00,1,,,random,1,jqq3sqwe,,,,,,1
1,foamy50x,,0,16,18,stage_2,payoff_show,2019-11-21 09:49:00.863842+00:00,1,,,9.50,1,0,15,,,,,,,1,2,,,,,0.00,1,,1,random,1,9y2t1d0m,,,,,,1
2,d5phstfl,,0,16,18,stage_2,payoff_show,2019-11-21 09:49:00.861646+00:00,1,,,-18.00,2,0,40,,,,,,,1,2,,,,,0.00,1,,1,random,1,9y2t1d0m,,,,,,1
1,5ut84mj4,,0,4,19,stage_1,check_understanding_0,2019-11-22 08:20:04.686322+00:00,1,,,0.00,1,,,,,,,,,,,,,,,0.00,1,,,random,1,d5wzmx7j,,,,,,1
2,h2qcmqd2,,0,4,19,stage_1,check_understanding_0,2019-11-22 08:20:04.681334+00:00,1,,,0.00,2,,,,,,,,,,,,,,,0.00,1,,,random,1,d5wzmx7j,,,,,,1
1,9lp8gnxz,,0,4,19,stage_1,check_understanding_0,2019-11-22 08:21:20.962507+00:00,1,,,0.00,1,,,2,1,,,,,,,,,,,0.00,1,,,random,1,76pyk4s6,,,,,,1
2,ls3o0p9u,,0,4,19,stage_1,check_understanding_0,2019-11-22 08:21:20.964845+00:00,1,,,0.00,2,,,,,,,,,,,,,,,0.00,1,,,random,1,76pyk4s6,,,,,,1
1,v597xm9h,,0,5,19,stage_1,check_understanding,2019-11-22 08:24:28.610232+00:00,1,,,0.00,1,0,,1,2,,,,,,,,,,,0.00,1,,,random,1,yyr04zya,,,,,,1
2,ehnffm61,,0,4,19,stage_1,check_understanding_0,2019-11-22 08:24:28.612149+00:00,1,,,0.00,2,,,,,,,,,,,,,,,0.00,1,,,random,1,yyr04zya,,,,,,1
1,y8eo69l7,,0,17,19,stage_2,payoff_show,2019-11-22 08:39:49.969179+00:00,1,,,23.80,1,0,2,3,1,,,,,1,2,,,,,0.00,1,,1,random,1,egoeul4u,,,,,,1
2,n7bj1895,,0,17,19,stage_2,payoff_show,2019-11-22 08:39:49.967329+00:00,1,,,-10.30,2,0,33,1,2,,,,,1,2,,,,,0.00,1,,1,random,1,egoeul4u,,,,,,1
1,3pnnksag,,0,16,19,stage_2,payoff_wait,2019-11-22 09:18:59.824577+00:00,1,,,0.00,1,0,22,1,2,,,,,0,0,,,,,0.00,1,,1,random,1,20387xyn,,,,,,1
2,5f6wbkwh,,0,16,19,stage_2,payoff_wait,2019-11-22 09:18:59.826991+00:00,1,,,0.00,2,0,33,1,2,,,,,0,0,,,,,0.00,1,,1,random,1,20387xyn,,,,,,1
1,suc5tnbj,,0,16,19,stage_2,payoff_wait,2019-11-22 09:20:45.639778+00:00,1,,,8.10,1,0,1,1,2,,,,,0,0,,,,,0.00,1,,1,random,1,yr7axl3t,,,,,,1
2,gjga12ke,,0,17,19,stage_2,payoff_show,2019-11-22 09:20:45.641819+00:00,1,,,8.20,2,0,2,1,1,,,,,0,0,,,,,0.00,1,,1,random,1,yr7axl3t,,,,,,1
1,qllesm4n,,0,17,19,stage_2,payoff_show,2019-11-22 09:22:18.208497+00:00,1,,,10.20,1,0,22,1,1,,,,,0,0,,,,,0.00,1,,1,random,1,jonc8ml0,,,,,,1
2,0txyysc5,,0,17,19,stage_2,payoff_show,2019-11-22 09:22:18.206305+00:00,1,,,11.30,2,0,33,1,2,,,,,0,0,,,,,0.00,1,,1,random,1,jonc8ml0,,,,,,1
1,8wgaudae,,0,9,19,stage_1,state_hours,2019-11-22 09:25:03.032760+00:00,1,,,0.00,1,0,,1,2,,,,,,,,,,,0.00,1,,1,random,1,nx7vy4fn,,,,,,1
2,utakl4le,,0,9,19,stage_1,state_hours,2019-11-22 09:25:03.034659+00:00,1,,,0.00,2,0,,2,2,,,,,,,,,,,0.00,1,,1,random,1,nx7vy4fn,,,,,,1
1,0i2mv9i3,,0,0,19,,,,0,,,0.00,1,,,,,,,,,,,,,,,0.00,1,,,random,1,c37s0cqi,,,,,,1
2,vyvblhi2,,0,0,19,,,,0,,,0.00,2,,,,,,,,,,,,,,,0.00,1,,,random,1,c37s0cqi,,,,,,1
1,516kvvyx,,0,5,19,stage_1,check_understanding,2019-11-22 10:01:45.453980+00:00,1,,,0.00,1,0,,1,2,,,,,,,,,,,0.00,1,,,random,1,58anqsjt,,,,,,1
2,u41z522c,,0,5,19,stage_1,check_understanding,2019-11-22 10:01:45.450931+00:00,1,,,0.00,2,0,,1,2,,,,,,,,,,,0.00,1,,,random,1,58anqsjt,,,,,,1
1,62x6rmzs,,0,5,19,stage_1,check_understanding,2019-11-22 10:07:35.370141+00:00,1,,,0.00,1,0,,1,2,,,,,,,,,,,0.00,1,,,random,1,spbu3ocu,,,,,,1
2,zru70gsi,,0,4,19,stage_1,check_understanding_0,2019-11-22 10:07:35.372269+00:00,1,,,0.00,2,,,,,,,,,,,,,,,0.00,1,,,random,1,spbu3ocu,,,,,,1
1,dxk23ias,,0,7,19,stage_1,chat,2019-11-22 10:11:09.580728+00:00,1,,,0.00,1,1,,0,0,,,,,,,,,,,0.00,1,,,random,1,uatbrqme,,,,,,1
2,fnlzr6v2,,0,7,19,stage_1,chat,2019-11-22 10:11:09.577832+00:00,1,,,0.00,2,1,,0,0,,,,,,,,,,,0.00,1,,,random,1,uatbrqme,,,,,,1
1,lisl5gl1,,0,5,19,stage_1,check_understanding,2019-11-22 10:12:02.962211+00:00,1,,,0.00,1,0,,1,2,,,,,,,,,,,0.00,1,,,random,1,ck5h70tm,,,,,,1
2,nim7pjcd,,0,4,19,stage_1,check_understanding_0,2019-11-22 10:12:02.964326+00:00,1,,,0.00,2,,,,,,,,,,,,,,,0.00,1,,,random,1,ck5h70tm,,,,,,1
1,cp8w8k4g,,0,6,19,stage_1,chat_wait_before,2019-11-22 10:13:28.857224+00:00,1,,,0.00,1,1,,1,1,,,,,,,,,,,0.00,1,,,random,1,0q2veklf,,,,,,1
2,xbnnix6y,,0,5,19,stage_1,check_understanding,2019-11-22 10:13:28.852707+00:00,1,,,0.00,2,0,,2,1,,,,,,,,,,,0.00,1,,,random,1,0q2veklf,,,,,,1
1,9pbpfcvd,,0,5,19,stage_1,check_understanding,2019-11-22 10:15:44.959795+00:00,1,,,0.00,1,0,,1,2,,,,,,,,,,,0.00,1,,,random,1,4ogumcww,,,,,,1
2,vptxk0u1,,0,4,19,stage_1,check_understanding_0,2019-11-22 10:15:44.964811+00:00,1,,,0.00,2,,,,,,,,,,,,,,,0.00,1,,,random,1,4ogumcww,,,,,,1
1,fw09n7er,,0,7,19,stage_1,chat,2019-11-22 10:19:18.042867+00:00,1,,,0.00,1,1,,1,2,,,,,,,,,,,0.00,1,,,random,1,gwp3yjtw,,,,,,1
2,zzay03k5,,0,7,19,stage_1,chat,2019-11-22 10:19:18.045358+00:00,1,,,0.00,2,0,,1,1,,,,,1,2,,,,,0.00,1,,,random,1,gwp3yjtw,,,,,,1
1,7s0f3gjq,,0,5,19,stage_1,check_understanding,2019-11-22 10:29:29.160115+00:00,1,,,0.00,1,0,,1,2,,,,,,,,,,,0.00,1,,,random,1,0z9ppr19,,,,,,1
2,qq1clhlq,,0,4,19,stage_1,check_understanding_0,2019-11-22 10:29:29.158225+00:00,1,,,0.00,2,,,,,,,,,,,,,,,0.00,1,,,random,1,0z9ppr19,,,,,,1
1,961c7uf0,,0,5,19,stage_1,check_understanding,2019-11-22 10:30:32.999847+00:00,1,,,0.00,1,0,,1,2,,,,,,,,,,,0.00,1,,,random,1,q5hallzr,,,,,,1
2,5a0bzr8t,,0,4,19,stage_1,check_understanding_0,2019-11-22 10:30:33.002300+00:00,1,,,0.00,2,,,,,,,,,,,,,,,0.00,1,,,random,1,q5hallzr,,,,,,1
1,c22jtnn6,,0,5,19,stage_1,check_understanding,2019-11-22 10:38:36.804682+00:00,1,,,0.00,1,0,,1,2,,,,,,,,,,,0.00,1,,,random,1,kqsx94r4,,,,,,1
2,n8uacrkc,,0,4,19,stage_1,check_understanding_0,2019-11-22 10:38:36.807287+00:00,1,,,0.00,2,,,,,,,,,,,,,,,0.00,1,,,random,1,kqsx94r4,,,,,,1
1,0sh3y820,,0,5,19,stage_1,check_understanding,2019-11-22 10:39:15.465819+00:00,1,,,0.00,1,0,,1,2,,,,,,,,,,,0.00,1,,,random,1,lgtveqx7,,,,,,1
2,p1q2kciu,,0,4,19,stage_1,check_understanding_0,2019-11-22 10:39:15.463538+00:00,1,,,0.00,2,,,,,,,,,,,,,,,0.00,1,,,random,1,lgtveqx7,,,,,,1
1,rsdzc43j,,0,6,19,stage_1,chat_wait_before,2019-11-22 10:40:21.187349+00:00,1,,,0.00,1,1,,1,2,,,,,,,,,,,0.00,1,,,random,1,2qx5p2rg,,,,,,1
2,xd70kjkx,,0,5,19,stage_1,check_understanding,2019-11-22 10:40:21.190908+00:00,1,,,0.00,2,0,,1,1,,,,,,,,,,,0.00,1,,,random,1,2qx5p2rg,,,,,,1
1,t0oii99u,,0,1,19,stage_1,intro_gen,2019-11-22 13:02:52.875365+00:00,1,,,0.00,1,,,,,,,,,,,,,,,0.00,1,,,random,1,ekxmjgpw,,,,,,1
2,9g45vh2y,,0,1,19,stage_1,intro_gen,2019-11-22 13:02:52.877375+00:00,1,,,0.00,2,,,,,,,,,,,,,,,0.00,1,,,random,1,ekxmjgpw,,,,,,1
1,dduzncy8,,0,1,19,stage_1,intro_gen,2019-11-22 13:12:32.409663+00:00,1,,,0.00,1,,,,,,,,,,,,,,,0.00,1,,,random,1,u2tofl33,,,,,,1
2,d4t64ghw,,0,0,19,,,,0,,,0.00,2,,,,,,,,,,,,,,,0.00,1,,,random,1,u2tofl33,,,,,,1
1,cgg5ejrc,,0,0,19,,,,0,,,0.00,1,,,,,,,,,,,,,,,0.00,1,,,random,1,ev3pcqrk,,,,,,1
2,fj384qzk,,0,0,19,,,,0,,,0.00,2,,,,,,,,,,,,,,,0.00,1,,,random,1,ev3pcqrk,,,,,,1
1,ewqz6vv9,,0,0,19,,,,0,,,0.00,1,,,,,,,,,,,,,,,0.00,1,,,random,1,jrdc3rxq,,,,,,1
2,gms1m2yf,,0,0,19,,,,0,,,0.00,2,,,,,,,,,,,,,,,0.00,1,,,random,1,jrdc3rxq,,,,,,1
1,r36tafu4,,0,0,19,,,,0,,,0.00,1,,,,,,,,,,,,,,,0.00,1,,,random,1,g45nc1bj,,,,,,1
2,4biu36oz,,0,0,19,,,,0,,,0.00,2,,,,,,,,,,,,,,,0.00,1,,,random,1,g45nc1bj,,,,,,1
1,8tayflxl,,0,0,19,,,,0,,,0.00,1,,,,,,,,,,,,,,,0.00,1,,,random,1,omv9ejl0,,,,,,1
2,cm3szzyq,,0,0,19,,,,0,,,0.00,2,,,,,,,,,,,,,,,0.00,1,,,random,1,omv9ejl0,,,,,,1
1,1xvpw7wm,,0,0,19,,,,0,,,0.00,1,,,,,,,,,,,,,,,0.00,1,,,random,1,aeysmyaj,,,,,,1
2,n3ixwmqw,,0,0,19,,,,0,,,0.00,2,,,,,,,,,,,,,,,0.00,1,,,random,1,aeysmyaj,,,,,,1
1,68n92c3w,,0,0,19,,,,0,,,0.00,1,,,,,,,,,,,,,,,0.00,1,,,random,1,k1y4czvg,,,,,,1
2,a5borl0h,,0,0,19,,,,0,,,0.00,2,,,,,,,,,,,,,,,0.00,1,,,random,1,k1y4czvg,,,,,,1
1,wanyxfrg,,0,0,19,,,,0,,,0.00,1,,,,,,,,,,,,,,,0.00,1,,,random,1,sxb5lkn8,,,,,,1
2,qewmtm4n,,0,0,19,,,,0,,,0.00,2,,,,,,,,,,,,,,,0.00,1,,,random,1,sxb5lkn8,,,,,,1
1,mshebx0m,,0,1,19,stage_1,intro_gen,2019-11-22 15:08:51.442308+00:00,1,,,0.00,1,,,,,,,,,,,,,,,0.00,1,,,random,1,2w797x8x,,,,,,1
2,1m6yqus1,,0,1,19,stage_1,intro_gen,2019-11-22 15:10:50.049733+00:00,1,,,0.00,2,,,,,,,,,,,,,,,0.00,1,,,random,1,2w797x8x,,,,,,1
1,54h6n5bg,,0,0,19,,,,0,,,0.00,1,,,,,,,,,,,,,,,0.00,1,,,random,1,6x3m92f5,,,,,,1
2,b98fibu2,,0,0,19,,,,0,,,0.00,2,,,,,,,,,,,,,,,0.00,1,,,random,1,6x3m92f5,,,,,,1
1,qft375wf,,0,0,19,,,,0,,,0.00,1,,,,,,,,,,,,,,,0.00,1,,,random,1,e1b58b4e,,,,,,1
2,gyls66uz,,0,0,19,,,,0,,,0.00,2,,,,,,,,,,,,,,,0.00,1,,,random,1,e1b58b4e,,,,,,1
1,sknjaekt,,0,0,19,,,,0,,,0.00,1,,,,,,,,,,,,,,,0.00,1,,,random,1,18m2biqj,,,,,,1
2,4pe25m16,,0,0,19,,,,0,,,0.00,2,,,,,,,,,,,,,,,0.00,1,,,random,1,18m2biqj,,,,,,1
1,00x72of7,,0,0,19,,,,0,,,0.00,1,,,,,,,,,,,,,,,0.00,1,,,random,1,k9975ado,,,,,,1
2,ptvqpd6v,,0,0,19,,,,0,,,0.00,2,,,,,,,,,,,,,,,0.00,1,,,random,1,k9975ado,,,,,,1
1,sle2q18e,,0,0,19,,,,0,,,0.00,1,,,,,,,,,,,,,,,0.00,1,,,random,1,lulnos2e,,,,,,1
2,sg76qtku,,0,0,19,,,,0,,,0.00,2,,,,,,,,,,,,,,,0.00,1,,,random,1,lulnos2e,,,,,,1
1,84preee1,,0,0,19,,,,0,,,0.00,1,,,,,,,,,,,,,,,0.00,1,,,random,1,okvs6j68,,,,,,1
2,e0p24o5g,,0,0,19,,,,0,,,0.00,2,,,,,,,,,,,,,,,0.00,1,,,random,1,okvs6j68,,,,,,1
1,kxoaqz2o,,0,0,19,,,,0,,,0.00,1,,,,,,,,,,,,,,,0.00,1,,,random,1,8gukam3t,,,,,,1
2,mou6c7c4,,0,0,19,,,,0,,,0.00,2,,,,,,,,,,,,,,,0.00,1,,,random,1,8gukam3t,,,,,,1
1,98izu7uh,,0,0,19,,,,0,,,0.00,1,,,,,,,,,,,,,,,0.00,1,,,random,1,3ka9ty4y,,,,,,1
2,0q7gdap7,,0,0,19,,,,0,,,0.00,2,,,,,,,,,,,,,,,0.00,1,,,random,1,3ka9ty4y,,,,,,1
1,6jxezsd3,,0,0,19,,,,0,,,0.00,1,,,,,,,,,,,,,,,0.00,1,,,random,1,grdw1zhn,,,,,,1
2,bb1aiypt,,0,0,19,,,,0,,,0.00,2,,,,,,,,,,,,,,,0.00,1,,,random,1,grdw1zhn,,,,,,1
1,q4sgc057,,0,0,19,,,,0,,,0.00,1,,,,,,,,,,,,,,,0.00,1,,,random,1,339whxrx,,,,,,1
2,yegpjb4o,,0,0,19,,,,0,,,0.00,2,,,,,,,,,,,,,,,0.00,1,,,random,1,339whxrx,,,,,,1
1,ixkezoc5,,0,0,19,,,,0,,,0.00,1,,,,,,,,,,,,,,,0.00,1,,,random,1,x0bde3xx,,,,,,1
2,od5h9buk,,0,0,19,,,,0,,,0.00,2,,,,,,,,,,,,,,,0.00,1,,,random,1,x0bde3xx,,,,,,1
1,k9ofram6,,0,0,19,,,,0,,,0.00,1,,,,,,,,,,,,,,,0.00,1,,,random,1,62pnem1x,,,,,,1
2,e22k89dg,,0,0,19,,,,0,,,0.00,2,,,,,,,,,,,,,,,0.00,1,,,random,1,62pnem1x,,,,,,1
1,7hwe6et0,,0,0,19,,,,0,,,0.00,1,,,,,,,,,,,,,,,0.00,1,,,random,1,y3aj10h4,,,,,,1
2,5wcl0wr2,,0,0,19,,,,0,,,0.00,2,,,,,,,,,,,,,,,0.00,1,,,random,1,y3aj10h4,,,,,,1
1,y3uc3hq1,,0,0,19,,,,0,,,0.00,1,,,,,,,,,,,,,,,0.00,1,,,random,1,cg0gi90i,,,,,,1
2,rqo5a3sw,,0,0,19,,,,0,,,0.00,2,,,,,,,,,,,,,,,0.00,1,,,random,1,cg0gi90i,,,,,,1
1,fm9jmluh,,0,0,19,,,,0,,,0.00,1,,,,,,,,,,,,,,,0.00,1,,,random,1,ozq67anl,,,,,,1
2,k4z521mh,,0,0,19,,,,0,,,0.00,2,,,,,,,,,,,,,,,0.00,1,,,random,1,ozq67anl,,,,,,1
1,lst8d6ce,,0,0,19,,,,0,,,0.00,1,,,,,,,,,,,,,,,0.00,1,,,random,1,l2cfkl68,,,,,,1
2,2ot182k5,,0,0,19,,,,0,,,0.00,2,,,,,,,,,,,,,,,0.00,1,,,random,1,l2cfkl68,,,,,,1
1,ke336ph5,,0,0,19,,,,0,,,0.00,1,,,,,,,,,,,,,,,0.00,1,,,random,1,nyldpjvi,,,,,,1
2,hoh8bpj5,,0,0,19,,,,0,,,0.00,2,,,,,,,,,,,,,,,0.00,1,,,random,1,nyldpjvi,,,,,,1
1,39q2cvvj,,0,0,19,,,,0,,,0.00,1,,,,,,,,,,,,,,,0.00,1,,,random,1,mu94pcwm,,,,,,1
2,2tuikqvh,,0,0,19,,,,0,,,0.00,2,,,,,,,,,,,,,,,0.00,1,,,random,1,mu94pcwm,,,,,,1
1,j5hsaxye,,0,0,19,,,,0,,,0.00,1,,,,,,,,,,,,,,,0.00,1,,,random,1,qh9bjo7o,,,,,,1
2,uo53zvsq,,0,0,19,,,,0,,,0.00,2,,,,,,,,,,,,,,,0.00,1,,,random,1,qh9bjo7o,,,,,,1
1,m0qnou6i,,0,0,19,,,,0,,,0.00,1,,,,,,,,,,,,,,,0.00,1,,,pred,1,1zdfmlf4,,,,,,1
2,awxfa1wz,,0,0,19,,,,0,,,0.00,2,,,,,,,,,,,,,,,0.00,1,,,pred,1,1zdfmlf4,,,,,,1
1,vfcinqfd,,0,0,19,,,,0,,,0.00,1,,,,,,,,,,,,,,,0.00,1,,,pred,1,gpe40pwf,,,,,,1
2,pstws3gv,,0,0,19,,,,0,,,0.00,2,,,,,,,,,,,,,,,0.00,1,,,pred,1,gpe40pwf,,,,,,1
1,ivito8uo,,0,0,19,,,,0,,,0.00,1,,,,,,,,,,,,,,,0.00,1,,,pred,1,m1kx254r,,,,,,1
2,nzpd236z,,0,0,19,,,,0,,,0.00,2,,,,,,,,,,,,,,,0.00,1,,,pred,1,m1kx254r,,,,,,1
1,q02nlbnm,,0,8,19,stage_1,chat_wait,2019-11-26 10:10:17.551820+00:00,1,,,0.00,1,1,,1,2,50,50,65,35,,,,,,,0.00,1,,,pred,1,nfsyqmmg,,,,,,1
2,whjqodl1,,0,8,19,stage_1,chat_wait,2019-11-26 10:10:17.556464+00:00,1,,,0.00,2,0,,2,2,5,5,5,5,1,2,50,50,65,35,0.00,1,,,pred,1,nfsyqmmg,,,,,,1
1,bv1zgf2a,,0,1,19,stage_1,intro_gen,2019-11-26 10:17:05.580862+00:00,1,,,0.00,1,,,,,,,,,,,,,,,0.00,1,,,pred,1,4lbbtp29,,,,,,1
2,eoci6crt,,0,1,19,,,2019-11-26 10:17:05.573885+00:00,1,,,0.00,2,,,,,,,,,,,,,,,0.00,1,,,pred,1,4lbbtp29,,,,,,1
1,l1bhjwgf,,0,8,19,stage_1,chat_wait,2019-11-26 10:17:34.124380+00:00,1,,,0.00,1,0,,0,0,0,0,0,0,0,0,0,0,0,0,0.00,1,,,pred,1,752dfl82,,,,,,1
2,lg0jy9i4,,0,8,19,stage_1,chat_wait,2019-11-26 10:17:34.129372+00:00,1,,,0.00,2,0,,0,0,0,0,0,0,0,0,0,0,0,0,0.00,1,,,pred,1,752dfl82,,,,,,1
1,3ooeh6rn,,0,1,19,,,2019-11-26 10:20:50.956502+00:00,1,,,0.00,1,,,,,,,,,,,,,,,0.00,1,,,pred,1,xu6luqev,,,,,,1
2,84o8pc35,,0,1,19,stage_1,intro_gen,2019-11-26 10:20:50.959124+00:00,1,,,0.00,2,,,,,,,,,,,,,,,0.00,1,,,pred,1,xu6luqev,,,,,,1
1,smcawlam,,0,1,19,,,2019-11-26 10:21:14.080065+00:00,1,,,0.00,1,,,,,,,,,,,,,,,0.00,1,,,pred,1,k2lcmco5,,,,,,1
2,cs60sz4y,,0,1,19,stage_1,intro_gen,2019-11-26 10:21:14.081905+00:00,1,,,0.00,2,,,,,,,,,,,,,,,0.00,1,,,pred,1,k2lcmco5,,,,,,1
1,6jbwmbbp,,0,17,19,stage_2,payoff_show,2019-11-26 10:22:09.424360+00:00,1,,,8.20,1,0,2,0,0,0,0,0,0,0,0,0,0,0,0,0.00,1,1,,pred,1,0iq5tljy,,,,,,1
2,xme0t0jf,,0,17,19,stage_2,payoff_show,2019-11-26 10:22:09.427255+00:00,1,,,10.20,2,0,22,0,0,0,0,0,0,0,0,0,0,0,0,0.00,1,1,,pred,1,0iq5tljy,,,,,,1
1,c23wj0f4,,0,1,19,,,2019-11-26 10:38:02.317125+00:00,1,,,0.00,1,,,,,,,,,,,,,,,0.00,1,,,pred,1,atg4jll4,,,,,,1
2,k3xy7x7q,,0,1,19,stage_1,intro_gen,2019-11-26 10:38:02.320107+00:00,1,,,0.00,2,,,,,,,,,,,,,,,0.00,1,,,pred,1,atg4jll4,,,,,,1
1,1fskpl18,,0,1,19,,,2019-11-26 10:38:30.894370+00:00,1,,,0.00,1,,,,,,,,,,,,,,,0.00,1,,,pred,1,vveogve1,,,,,,1
2,gc245g6j,,0,1,19,stage_1,intro_gen,2019-11-26 10:38:30.891891+00:00,1,,,0.00,2,,,,,,,,,,,,,,,0.00,1,,,pred,1,vveogve1,,,,,,1
1,jz1qah2v,,0,18,19,stage_2,outro_feedback,2019-11-26 10:40:00.173209+00:00,1,,,1.80,1,0,22,0,0,0,0,0,0,0,0,0,0,0,0,0.00,1,1,,pred,1,zh5vbvx4,,,,,,1
2,w5cosvud,,0,18,19,stage_2,outro_feedback,2019-11-26 10:40:00.253862+00:00,1,,,-10.30,2,0,33,0,0,0,0,0,0,0,0,0,0,0,0,0.00,1,1,,pred,1,zh5vbvx4,,,,,,1
1,jl0em2ku,,0,0,19,,,,0,,,0.00,1,,,,,,,,,,,,,,,0.00,1,,,random,1,yoo5fvf2,,,,,,1
2,jnhwytku,,0,0,19,,,,0,,,0.00,2,,,,,,,,,,,,,,,0.00,1,,,random,1,yoo5fvf2,,,,,,1
1,rz794nk2,,0,0,19,,,,0,,,0.00,1,,,,,,,,,,,,,,,0.00,1,,,random,1,kh0rp4w6,,,,,,1
2,5pnhpllm,,0,0,19,,,,0,,,0.00,2,,,,,,,,,,,,,,,0.00,1,,,random,1,kh0rp4w6,,,,,,1
1,wx4yusz7,,0,18,19,stage_2,outro_feedback,2019-11-26 11:23:14.873120+00:00,1,,,8.30,1,0,3,0,0,0,0,0,0,0,0,0,0,0,0,0.00,1,,0,random,1,wsvwzsw8,,,,,,1
2,38gja0xv,,0,18,19,stage_2,outro_feedback,2019-11-26 11:23:14.879383+00:00,1,,,6.00,2,0,50,0,0,0,0,0,0,0,0,0,0,0,0,0.00,1,,0,random,1,wsvwzsw8,,,,,,1
1,acb857bo,,0,17,19,stage_2,payoff_show,2019-11-26 11:35:39.455329+00:00,1,,,9.50,1,0,5,0,0,0,0,0,0,0,0,0,0,0,0,0.00,1,,1,random,1,rk0opt55,,,,,,1
2,h7og1imv,,0,17,19,stage_2,payoff_show,2019-11-26 11:35:39.453235+00:00,1,,,6.00,2,0,50,0,0,0,0,0,0,0,0,0,0,0,0,0.00,1,,1,random,1,rk0opt55,,,,,,1
1,58efrxdy,,0,0,19,,,,0,,,0.00,1,,,,,,,,,,,,,,,0.00,1,,,random,1,6o27q3fl,,,,,,1
2,cm392tgr,,0,0,19,,,,0,,,0.00,2,,,,,,,,,,,,,,,0.00,1,,,random,1,6o27q3fl,,,,,,1
1,qcaqlm8x,,0,0,19,,,,0,,,0.00,1,,,,,,,,,,,,,,,0.00,1,,,random,1,wioc2t14,,,,,,1
2,6nnfjlah,,0,0,19,,,,0,,,0.00,2,,,,,,,,,,,,,,,0.00,1,,,random,1,wioc2t14,,,,,,1
1,h4jcseru,,0,0,19,,,,0,,,0.00,1,,,,,,,,,,,,,,,0.00,1,,,random,1,91bp60uj,,,,,,1
2,4oh1e6d2,,0,0,19,,,,0,,,0.00,2,,,,,,,,,,,,,,,0.00,1,,,random,1,91bp60uj,,,,,,1
1,13k4262b,PC_4,0,19,19,stage_2,outro,2019-11-26 13:06:36.595403+00:00,1,,,9.50,1,0,15,1,2,50,50,65,25,1,2,50,50,65,35,0.00,1,,1,random,1,lz7dyuw7,,,,,,0
2,bgb6kfog,PC_10,0,19,19,stage_2,outro,2019-11-26 13:06:36.644501+00:00,1,,,9.50,2,0,15,1,1,50,50,65,35,1,2,50,50,65,35,0.00,1,,1,random,1,lz7dyuw7,,,,,,0
3,jemdgnjp,PC_3,0,19,19,stage_2,outro,2019-11-26 13:06:36.655690+00:00,1,,,10.30,1,1,17,1,2,50,50,65,35,,,,,,,0.00,2,,0,random,1,lz7dyuw7,,,,,,0
4,5t4153nm,PC_6,0,19,19,stage_2,outro,2019-11-26 13:06:36.680806+00:00,1,,,9.30,2,0,17,1,2,50,50,65,50,1,2,50,50,65,35,0.00,2,,0,random,1,lz7dyuw7,,,,,,0
5,wmznqgle,PC_1,0,19,19,stage_2,outro,2019-11-26 13:06:36.666101+00:00,1,,,7.00,1,1,50,1,2,50,50,65,35,,,,,,,0.00,3,,1,random,1,lz7dyuw7,,,,,,0
6,for718dj,PC_12,0,19,19,stage_2,outro,2019-11-26 13:06:36.708519+00:00,1,,,6.00,2,0,50,1,1,20,60,90,45,1,2,50,50,65,35,0.00,3,,1,random,1,lz7dyuw7,,,,,,0
7,k91ypf06,PC_9,0,19,19,stage_2,outro,2019-11-26 13:06:36.706661+00:00,1,,,8.00,1,0,30,2,2,50,60,65,40,1,2,50,50,65,35,0.00,4,,0,random,1,lz7dyuw7,,,,,,0
8,7xfwb0zu,PC_8,0,19,19,stage_2,outro,2019-11-26 13:06:36.777476+00:00,1,,,9.00,2,1,30,1,2,50,50,65,35,,,,,,,0.00,4,,0,random,1,lz7dyuw7,,,,,,0
9,dirw21la,PC_14,0,19,19,stage_2,outro,2019-11-26 13:06:36.783403+00:00,1,,,6.00,1,0,50,1,2,50,50,65,25,1,2,50,50,65,35,0.00,5,,0,random,1,lz7dyuw7,,,,,,0
10,biwxsqhs,PC_2,0,19,19,stage_2,outro,2019-11-26 13:06:36.816390+00:00,1,,,6.00,2,0,50,1,2,50,50,65,25,1,2,50,50,65,35,0.00,5,,0,random,1,lz7dyuw7,,,,,,0
11,h5s37olr,PC_5,0,19,19,stage_2,outro,2019-11-26 13:06:37.047165+00:00,1,,,7.00,1,1,50,1,2,50,50,65,35,,,,,,,0.00,6,,1,random,1,lz7dyuw7,,,,,,0
12,74xuezf4,PC_13,0,19,19,stage_2,outro,2019-11-26 13:06:36.844071+00:00,1,,,6.00,2,0,50,1,2,50,50,65,25,1,2,50,50,65,35,0.00,6,,1,random,1,lz7dyuw7,,,,,,0
13,4cuvzyul,PC_7,0,19,19,stage_2,outro,2019-11-26 13:06:36.900657+00:00,1,,,8.00,1,1,40,1,2,50,50,65,35,,,,,,,0.00,7,,1,random,1,lz7dyuw7,,,,,,0
14,q0k1uimp,PC_11,0,19,19,stage_2,outro,2019-11-26 13:06:37.031721+00:00,1,,,7.00,2,0,40,1,2,50,50,65,50,1,2,50,50,65,35,0.00,7,,1,random,1,lz7dyuw7,,,,,,0
