participant.id_in_session,participant.code,participant.label,participant._is_bot,participant._index_in_pages,participant._max_page_index,participant._current_app_name,participant._current_page_name,participant.time_started,participant.visited,participant.mturk_worker_id,participant.mturk_assignment_id,participant.payoff,player.id_in_group,player.classifier_result_player,player.control_correct,player.hours_stated,player.contr_task_0,player.contr_partner_0,player.contr_50noaudit_0,player.contr_50audit_0,player.contr_65noaudit_0,player.contr_35audit_0,player.contr_task,player.contr_partner,player.contr_50noaudit,player.contr_50audit,player.contr_65noaudit,player.contr_35audit,player.payoff,group.id_in_subsession,group.classifier_result,group.random_prob,group.treat,subsession.round_number,session.code,session.label,session.experimenter_name,session.mturk_HITId,session.mturk_HITGroupId,session.comment,session.is_demo
1,duyq0nad,,0,8,19,stage_1,chat_wait,2019-12-03 14:12:16.280795+00:00,1,,,0.00,1,,0,,0,0,0,0,0,0,0,0,0,0,0,0,0.00,1,,,pred,1,imtk03cc,,,,,,1
2,1m95wioy,,0,8,19,stage_1,chat_wait,2019-12-03 14:12:16.277811+00:00,1,,,0.00,2,,0,,0,0,0,0,0,0,0,0,0,0,0,0,0.00,1,,,pred,1,imtk03cc,,,,,,1
1,x7pbkogd,,0,10,19,stage_2,questions_prep,2019-12-03 14:57:22.626549+00:00,1,,,0.00,1,,0,,0,0,0,0,0,0,0,0,0,0,0,0,0.00,1,1,,pred,1,hw5e2t9f,,,,,,1
2,1coutvrk,,0,10,19,stage_2,questions_prep,2019-12-03 14:57:22.633804+00:00,1,,,0.00,2,,0,,0,0,0,0,0,0,0,0,0,0,0,0,0.00,1,1,,pred,1,hw5e2t9f,,,,,,1
1,40pbnxb4,,0,8,19,stage_1,chat_wait,2019-12-04 06:51:19.395471+00:00,1,,,0.00,1,,0,,0,0,0,0,0,0,0,0,0,0,0,0,0.00,1,,,pred,1,bktdfcz8,,,,,,1
2,iyq1oi51,,0,8,19,stage_1,chat_wait,2019-12-04 06:51:19.404347+00:00,1,,,0.00,2,,0,,0,0,0,0,0,0,0,0,0,0,0,0,0.00,1,,,pred,1,bktdfcz8,,,,,,1
1,xtwqov3k,,0,17,19,stage_2,payoff_show,2019-12-04 08:15:34.707725+00:00,1,,,10.00,1,,1,2,1,2,60,60,70,30,,,,,,,0.00,1,1,,pred,1,lbztos2d,,,,,,1
2,uyvfnszh,,0,17,19,stage_2,payoff_show,2019-12-04 08:15:34.715218+00:00,1,,,9.00,2,,0,3,3,1,1,1,1,1,1,2,60,60,70,30,0.00,1,1,,pred,1,lbztos2d,,,,,,1
1,t3u467sz,,0,19,19,stage_2,outro,2019-12-04 08:20:23.483083+00:00,1,,,6.70,1,,0,33,0,0,0,0,0,0,0,0,0,0,0,0,0.00,1,1,,pred,1,30j0dq11,,,,,,1
2,sjq3tx4h,,0,19,19,stage_2,outro,2019-12-04 08:20:23.497700+00:00,1,,,7.80,2,,0,22,0,0,0,0,0,0,0,0,0,0,0,0,0.00,1,1,,pred,1,30j0dq11,,,,,,1
1,dm0dvi1w,,0,10,19,stage_2,questions_prep,2019-12-04 10:32:02.912625+00:00,1,,,0.00,1,1,0,33,0,0,0,0,0,0,0,0,0,0,0,0,0.00,1,1,,pred,1,o1kgr0nc,,,,,,1
2,9bex9uj2,,0,10,19,stage_2,questions_prep,2019-12-04 10:32:02.916298+00:00,1,,,0.00,2,1,0,22,0,0,0,0,0,0,0,0,0,0,0,0,0.00,1,1,,pred,1,o1kgr0nc,,,,,,1
1,6dtv9hz3,,0,11,19,stage_2,questions_belief,2019-12-04 10:39:14.888951+00:00,1,,,0.00,1,1,0,44,0,0,0,0,0,0,0,0,0,0,0,0,0.00,1,1,,pred,1,6dumca9i,,,,,,1
2,9gnswr1q,,0,11,19,stage_2,questions_belief,2019-12-04 10:39:14.879201+00:00,1,,,0.00,2,1,0,33,0,0,0,0,0,0,0,0,0,0,0,0,0.00,1,1,,pred,1,6dumca9i,,,,,,1
1,m30nvx49,,0,10,19,stage_2,questions_prep,2019-12-04 10:47:24.161161+00:00,1,,,0.00,1,1,0,22,0,0,0,0,0,0,0,0,0,0,0,0,0.00,1,1,,pred,1,97ppr0iu,,,,,,1
2,p164hiqw,,0,10,19,stage_2,questions_prep,2019-12-04 10:47:24.165377+00:00,1,,,0.00,2,1,0,33,0,0,0,0,0,0,0,0,0,0,0,0,0.00,1,1,,pred,1,97ppr0iu,,,,,,1
1,lxeu8ves,,0,10,19,stage_2,questions_prep,2019-12-04 10:48:28.162067+00:00,1,,,0.00,1,1,0,22,0,0,0,0,0,0,0,0,0,0,0,0,0.00,1,1,,pred,1,5a8nass3,,,,,,1
2,dyyab6el,,0,10,19,stage_2,questions_prep,2019-12-04 10:48:28.164367+00:00,1,,,0.00,2,1,0,33,0,0,0,0,0,0,0,0,0,0,0,0,0.00,1,1,,pred,1,5a8nass3,,,,,,1
1,j12qqdhk,,0,10,19,stage_2,questions_prep,2019-12-04 10:58:03.198628+00:00,1,,,0.00,1,1,0,22,0,0,0,0,0,0,0,0,0,0,0,0,0.00,1,1,,pred,1,mn4el9rx,,,,,,1
2,oegdm6ji,,0,10,19,stage_2,questions_prep,2019-12-04 10:58:03.201347+00:00,1,,,0.00,2,1,0,33,0,0,0,0,0,0,0,0,0,0,0,0,0.00,1,1,,pred,1,mn4el9rx,,,,,,1
1,653tpc79,,0,1,19,stage_1,intro_gen,2019-12-04 11:40:02.529019+00:00,1,,,0.00,1,,,,,,,,,,,,,,,,0.00,1,,,pred,1,t1791xsa,,,,,,1
2,el1l3vkl,,0,1,19,stage_1,intro_gen,2019-12-04 11:40:02.533898+00:00,1,,,0.00,2,,,,,,,,,,,,,,,,0.00,1,,,pred,1,t1791xsa,,,,,,1
1,0pu3n8kr,,0,10,19,stage_2,questions_prep,2019-12-04 11:41:41.346035+00:00,1,,,0.00,1,1,0,1,0,0,0,0,0,0,0,0,0,0,0,0,0.00,1,1,,pred,1,7cmgn64x,,,,,,1
2,uad0kar3,,0,10,19,stage_2,questions_prep,2019-12-04 11:41:41.352202+00:00,1,,,0.00,2,1,0,22,0,0,0,0,0,0,0,0,0,0,0,0,0.00,1,1,,pred,1,7cmgn64x,,,,,,1
1,yi1aib8w,,0,10,19,stage_2,questions_prep,2019-12-04 11:46:12.415891+00:00,1,,,0.00,1,1,0,22,0,0,0,0,0,0,0,0,0,0,0,0,0.00,1,1,,pred,1,xmv8li6e,,,,,,1
2,1850zu3x,,0,10,19,stage_2,questions_prep,2019-12-04 11:46:12.420232+00:00,1,,,0.00,2,1,0,33,0,0,0,0,0,0,0,0,0,0,0,0,0.00,1,1,,pred,1,xmv8li6e,,,,,,1
1,xhr6av25,,0,11,19,stage_2,questions_belief,2019-12-04 12:39:09.790536+00:00,1,,,0.00,1,1,0,33,0,0,0,0,0,0,0,0,0,0,0,0,0.00,1,1,,pred,1,3jxx7s9w,,,,,,1
2,qb0cy8k4,,0,11,19,stage_2,questions_belief,2019-12-04 12:39:09.797037+00:00,1,,,0.00,2,1,0,22,0,0,0,0,0,0,0,0,0,0,0,0,0.00,1,1,,pred,1,3jxx7s9w,,,,,,1
1,l2g0mile,,0,11,19,stage_2,questions_belief,2019-12-04 13:57:25.159424+00:00,1,,,0.00,1,0,0,0,0,0,0,0,0,0,0,0,0,0,0,0,0.00,1,,0,random,1,1nhoxdzg,,,,,,1
2,29me3vu8,,0,11,19,stage_2,questions_belief,2019-12-04 13:57:25.156462+00:00,1,,,0.00,2,0,0,0,0,0,0,0,0,0,0,0,0,0,0,0,0.00,1,,0,random,1,1nhoxdzg,,,,,,1
1,lu0askwh,,0,11,19,stage_2,questions_belief,2019-12-04 13:59:03.243698+00:00,1,,,0.00,1,1,0,22,0,0,0,0,0,0,0,0,0,0,0,0,0.00,1,1,,pred,1,2spmoxn3,,,,,,1
2,0ca1lx1c,,0,11,19,stage_2,questions_belief,2019-12-04 13:59:03.248622+00:00,1,,,0.00,2,1,0,23,0,0,0,0,0,0,0,0,0,0,0,0,0.00,1,1,,pred,1,2spmoxn3,,,,,,1
1,owcp2ty9,,0,11,19,stage_2,questions_belief,2019-12-04 14:03:17.631047+00:00,1,,,0.00,1,1,0,22,0,0,0,0,0,0,0,0,0,0,0,0,0.00,1,1,,pred,1,zwwfv5jn,,,,,,1
2,aja9febf,,0,11,19,stage_2,questions_belief,2019-12-04 14:03:17.628671+00:00,1,,,0.00,2,1,0,22,0,0,0,0,0,0,0,0,0,0,0,0,0.00,1,1,,pred,1,zwwfv5jn,,,,,,1
1,e14j1quz,,0,11,19,stage_2,questions_belief,2019-12-04 14:10:38.960211+00:00,1,,,0.00,1,1,0,22,0,0,0,0,0,0,0,0,0,0,0,0,0.00,1,1,,pred,1,bpgk8u5o,,,,,,1
2,h0dpqc44,,0,11,19,stage_2,questions_belief,2019-12-04 14:10:38.962618+00:00,1,,,0.00,2,1,0,33,0,0,0,0,0,0,0,0,0,0,0,0,0.00,1,1,,pred,1,bpgk8u5o,,,,,,1
1,9ptbrr45,,0,16,19,stage_2,payoff_wait,2019-12-04 15:15:19.527832+00:00,1,,,0.00,1,1,0,2,0,0,0,0,0,0,0,0,0,0,0,0,0.00,1,1,,pred,1,ujuq3v56,,,,,,1
2,q0w08b3h,,0,16,19,stage_2,payoff_wait,2019-12-04 15:15:19.535302+00:00,1,,,0.00,2,1,0,33,0,0,0,0,0,0,0,0,0,0,0,0,0.00,1,1,,pred,1,ujuq3v56,,,,,,1
1,umsgp3t5,,0,15,19,stage_2,questions_expdem,2019-12-04 15:25:34.685063+00:00,1,,,0.00,1,1,0,22,0,0,0,0,0,0,0,0,0,0,0,0,0.00,1,1,,pred,1,nb43z3i6,,,,,,1
2,q6vnet1v,,0,15,19,stage_2,questions_expdem,2019-12-04 15:25:34.691127+00:00,1,,,0.00,2,1,0,33,0,0,0,0,0,0,0,0,0,0,0,0,0.00,1,1,,pred,1,nb43z3i6,,,,,,1
1,g4xs1ovd,,0,15,19,stage_2,questions_expdem,2019-12-04 15:32:48.782477+00:00,1,,,0.00,1,1,0,22,0,0,0,0,0,0,0,0,0,0,0,0,0.00,1,1,,pred,1,06oi2hj8,,,,,,1
2,8mmo0q04,,0,15,19,stage_2,questions_expdem,2019-12-04 15:32:48.703915+00:00,1,,,0.00,2,1,0,33,0,0,0,0,0,0,0,0,0,0,0,0,0.00,1,1,,pred,1,06oi2hj8,,,,,,1
1,f3ofyji8,,0,15,19,stage_2,questions_expdem,2019-12-04 15:35:53.158445+00:00,1,,,0.00,1,1,0,2,0,0,0,0,0,0,0,0,0,0,0,0,0.00,1,1,,pred,1,st0yzp4h,,,,,,1
2,dkikxawb,,0,15,19,stage_2,questions_expdem,2019-12-04 15:35:53.162412+00:00,1,,,0.00,2,1,0,33,0,0,0,0,0,0,0,0,0,0,0,0,0.00,1,1,,pred,1,st0yzp4h,,,,,,1
1,5kykbays,,0,15,19,stage_2,questions_expdem,2019-12-04 15:46:02.117939+00:00,1,,,0.00,1,1,0,22,0,0,0,0,0,0,0,0,0,0,0,0,0.00,1,1,,pred,1,rwupsb2l,,,,,,1
2,0t3oyhrd,,0,15,19,stage_2,questions_expdem,2019-12-04 15:46:02.114723+00:00,1,,,0.00,2,1,0,33,0,0,0,0,0,0,0,0,0,0,0,0,0.00,1,1,,pred,1,rwupsb2l,,,,,,1
1,ngv2h5oj,,0,15,19,stage_2,questions_expdem,2019-12-04 15:47:33.749187+00:00,1,,,0.00,1,1,0,22,0,0,0,0,0,0,0,0,0,0,0,0,0.00,1,1,,pred,1,picwzzes,,,,,,1
2,9pmsfyi2,,0,15,19,stage_2,questions_expdem,2019-12-04 15:47:33.746223+00:00,1,,,0.00,2,1,0,33,0,0,0,0,0,0,0,0,0,0,0,0,0.00,1,1,,pred,1,picwzzes,,,,,,1
1,j38zjzoh,,0,0,19,,,,0,,,0.00,1,,,,,,,,,,,,,,,,0.00,1,,,pred,1,xg0691ij,,,,,,1
2,rqb152a0,,0,0,19,,,,0,,,0.00,2,,,,,,,,,,,,,,,,0.00,1,,,pred,1,xg0691ij,,,,,,1
1,1atd6vc8,PC_1,0,15,19,stage_2,questions_expdem,2019-12-04 15:57:48.948638+00:00,1,,,0.00,1,1,0,11,0,0,0,0,0,0,0,0,0,0,0,0,0.00,1,1,,pred,1,vuexlgyp,,,,,,0
2,cvg53nsx,PC_2,0,15,19,stage_2,questions_expdem,2019-12-04 15:58:02.931894+00:00,1,,,0.00,2,1,0,22,0,0,0,0,0,0,0,0,0,0,0,0,0.00,1,1,,pred,1,vuexlgyp,,,,,,0
3,2zzj3t2e,PC_3,0,15,19,stage_2,questions_expdem,2019-12-04 15:58:16.778628+00:00,1,,,0.00,1,1,0,33,0,0,0,0,0,0,0,0,0,0,0,0,0.00,2,1,,pred,1,vuexlgyp,,,,,,0
4,yd8ycc66,PC_4,0,15,19,stage_2,questions_expdem,2019-12-04 15:58:40.497962+00:00,1,,,0.00,2,1,0,44,0,0,0,0,0,0,0,0,0,0,0,0,0.00,2,1,,pred,1,vuexlgyp,,,,,,0
1,h3hivlnl,,0,0,19,,,,0,,,0.00,1,,,,,,,,,,,,,,,,0.00,1,,,pred,1,7ph9jv1l,,,,,,1
2,ph772zqc,,0,0,19,,,,0,,,0.00,2,,,,,,,,,,,,,,,,0.00,1,,,pred,1,7ph9jv1l,,,,,,1
1,6hd0q8i9,,0,15,19,stage_2,questions_expdem,2019-12-04 16:06:25.021052+00:00,1,,,0.00,1,1,0,0,0,0,0,0,0,0,0,0,0,0,0,0,0.00,1,1,,pred,1,wmycnpam,,,,,,1
2,twdqqqlv,,0,15,19,stage_2,questions_expdem,2019-12-04 16:06:37.944593+00:00,1,,,0.00,2,1,0,0,0,0,0,0,0,0,0,0,0,0,0,0,0.00,1,1,,pred,1,wmycnpam,,,,,,1
3,4fnd9ox5,,0,15,19,stage_2,questions_expdem,2019-12-04 16:06:37.970420+00:00,1,,,0.00,1,1,0,0,0,0,0,0,0,0,0,0,0,0,0,0,0.00,2,1,,pred,1,wmycnpam,,,,,,1
4,earrumfh,,0,15,19,stage_2,questions_expdem,2019-12-04 16:06:37.993510+00:00,1,,,0.00,2,1,0,0,0,0,0,0,0,0,0,0,0,0,0,0,0.00,2,1,,pred,1,wmycnpam,,,,,,1
1,n7a8gw2k,,0,1,19,,,2019-12-04 16:20:01.074785+00:00,1,,,0.00,1,,,,,,,,,,,,,,,,0.00,1,,,pred,1,7o3n1ucz,,,,,,1
2,ttr22n3i,,0,1,19,,,2019-12-04 16:20:02.178624+00:00,1,,,0.00,2,,,,,,,,,,,,,,,,0.00,1,,,pred,1,7o3n1ucz,,,,,,1
3,e4myr4p1,,0,0,19,,,,0,,,0.00,1,,,,,,,,,,,,,,,,0.00,2,,,pred,1,7o3n1ucz,,,,,,1
4,76kzrgj4,,0,0,19,,,,0,,,0.00,2,,,,,,,,,,,,,,,,0.00,2,,,pred,1,7o3n1ucz,,,,,,1
1,ysr7j3y3,,0,1,19,,,2019-12-04 16:20:37.656147+00:00,1,,,0.00,1,,,,,,,,,,,,,,,,0.00,1,,,pred,1,gzxmy0wd,,,,,,1
2,2u21i0ol,,0,1,19,,,2019-12-04 16:20:51.518126+00:00,1,,,0.00,2,,,,,,,,,,,,,,,,0.00,1,,,pred,1,gzxmy0wd,,,,,,1
3,4bt1r6e5,,0,0,19,,,,0,,,0.00,1,,,,,,,,,,,,,,,,0.00,2,,,pred,1,gzxmy0wd,,,,,,1
4,7vopyd16,,0,0,19,,,,0,,,0.00,2,,,,,,,,,,,,,,,,0.00,2,,,pred,1,gzxmy0wd,,,,,,1
1,td4l3axz,,0,15,19,stage_2,questions_expdem,2019-12-04 16:22:14.713358+00:00,1,,,0.00,1,1,0,0,0,0,0,0,0,0,0,0,0,0,0,0,0.00,1,1,,pred,1,nskv6coc,,,,,,1
2,t1fky0fm,,0,15,19,stage_2,questions_expdem,2019-12-04 16:22:14.748874+00:00,1,,,0.00,2,1,0,0,0,0,0,0,0,0,0,0,0,0,0,0,0.00,1,1,,pred,1,nskv6coc,,,,,,1
3,llh5ss8o,,0,15,19,stage_2,questions_expdem,2019-12-04 16:22:14.779163+00:00,1,,,0.00,1,1,0,0,0,0,0,0,0,0,0,0,0,0,0,0,0.00,2,1,,pred,1,nskv6coc,,,,,,1
4,p3fkgwei,,0,15,19,stage_2,questions_expdem,2019-12-04 16:22:14.811530+00:00,1,,,0.00,2,1,0,0,0,0,0,0,0,0,0,0,0,0,0,0,0.00,2,1,,pred,1,nskv6coc,,,,,,1
1,8si1bzs2,,0,1,19,,,2019-12-04 16:26:02.793654+00:00,1,,,0.00,1,,,,,,,,,,,,,,,,0.00,1,,,pred,1,2e1z5uas,,,,,,1
2,z87gkdzt,,0,1,19,,,2019-12-04 16:26:13.467246+00:00,1,,,0.00,2,,,,,,,,,,,,,,,,0.00,1,,,pred,1,2e1z5uas,,,,,,1
3,izlmmw1i,,0,1,19,,,2019-12-04 16:26:42.373815+00:00,1,,,0.00,1,,,,,,,,,,,,,,,,0.00,2,,,pred,1,2e1z5uas,,,,,,1
4,x7u9mwbu,,0,1,19,,,2019-12-04 16:26:44.163649+00:00,1,,,0.00,2,,,,,,,,,,,,,,,,0.00,2,,,pred,1,2e1z5uas,,,,,,1
1,lnhg5ueu,,0,17,19,stage_2,payoff_show,2019-12-04 16:27:58.906945+00:00,1,,,9.00,1,1,0,0,0,0,0,0,0,0,0,0,0,0,0,0,0.00,1,1,,pred,1,o1zwniz8,,,,,,1
2,w3zk8cau,,0,17,19,stage_2,payoff_show,2019-12-04 16:27:58.948751+00:00,1,,,9.00,2,1,0,0,0,0,0,0,0,0,0,0,0,0,0,0,0.00,1,1,,pred,1,o1zwniz8,,,,,,1
3,j60rqdvl,,0,17,19,stage_2,payoff_show,2019-12-04 16:27:58.985514+00:00,1,,,9.00,1,1,0,0,0,0,0,0,0,0,0,0,0,0,0,0,0.00,2,1,,pred,1,o1zwniz8,,,,,,1
4,6l9uswjh,,0,17,19,stage_2,payoff_show,2019-12-04 16:27:59.020319+00:00,1,,,9.00,2,1,0,0,0,0,0,0,0,0,0,0,0,0,0,0,0.00,2,1,,pred,1,o1zwniz8,,,,,,1
1,9ai1aptb,,0,1,10,,,2019-12-04 16:32:39.198976+00:00,1,,,0.00,1,,,,,,,,,,,,,,,,0.00,1,,,pred,1,j2da12vc,,,,,,1
2,38g2rhvk,,0,2,10,stage_1,chat_wait_before,2019-12-04 16:32:42.376551+00:00,1,,,0.00,2,,,,,,,,,,,,,,,,0.00,1,,,pred,1,j2da12vc,,,,,,1
3,5qt85yll,,0,3,10,stage_1,chat,2019-12-04 16:32:44.652854+00:00,1,,,0.00,1,,,,,,,,,,,,,,,,0.00,2,,,pred,1,j2da12vc,,,,,,1
4,vgjbixgb,,0,3,10,stage_1,chat,2019-12-04 16:32:49.393133+00:00,1,,,0.00,2,,,,,,,,,,,,,,,,0.00,2,,,pred,1,j2da12vc,,,,,,1
5,lwqh1ikb,,0,2,10,stage_1,chat_wait_before,2019-12-04 16:32:51.317373+00:00,1,,,0.00,1,,,,,,,,,,,,,,,,0.00,3,,,pred,1,j2da12vc,,,,,,1
6,x6yxv5j9,,0,1,10,,,2019-12-04 16:32:53.488277+00:00,1,,,0.00,2,,,,,,,,,,,,,,,,0.00,3,,,pred,1,j2da12vc,,,,,,1
1,u1mbh67q,,0,1,11,,,2019-12-04 16:33:52.969392+00:00,1,,,0.00,1,,,,,,,,,,,,,,,,0.00,1,,,pred,1,awtrddxp,,,,,,1
2,dbo3arth,,0,0,11,,,,0,,,0.00,2,,,,,,,,,,,,,,,,0.00,1,,,pred,1,awtrddxp,,,,,,1
3,93kb3vso,,0,0,11,,,,0,,,0.00,1,,,,,,,,,,,,,,,,0.00,2,,,pred,1,awtrddxp,,,,,,1
4,dld01sk6,,0,0,11,,,,0,,,0.00,2,,,,,,,,,,,,,,,,0.00,2,,,pred,1,awtrddxp,,,,,,1
5,sz0inoo6,,0,0,11,,,,0,,,0.00,1,,,,,,,,,,,,,,,,0.00,3,,,pred,1,awtrddxp,,,,,,1
6,kzh57nzl,,0,0,11,,,,0,,,0.00,2,,,,,,,,,,,,,,,,0.00,3,,,pred,1,awtrddxp,,,,,,1
1,j3accele,,0,1,11,,,2019-12-04 16:34:45.841858+00:00,1,,,0.00,1,,,,,,,,,,,,,,,,0.00,1,,,pred,1,hs7y61vc,,,,,,1
2,fl8oqhl6,,0,1,11,,,2019-12-04 16:34:52.832530+00:00,1,,,0.00,2,,,,,,,,,,,,,,,,0.00,1,,,pred,1,hs7y61vc,,,,,,1
3,0owhsok4,,0,0,11,,,,0,,,0.00,1,,,,,,,,,,,,,,,,0.00,2,,,pred,1,hs7y61vc,,,,,,1
4,60hu5qdz,,0,0,11,,,,0,,,0.00,2,,,,,,,,,,,,,,,,0.00,2,,,pred,1,hs7y61vc,,,,,,1
5,ohso1o5a,,0,0,11,,,,0,,,0.00,1,,,,,,,,,,,,,,,,0.00,3,,,pred,1,hs7y61vc,,,,,,1
6,crhs4dj6,,0,0,11,,,,0,,,0.00,2,,,,,,,,,,,,,,,,0.00,3,,,pred,1,hs7y61vc,,,,,,1
1,41kzcmiv,,0,1,14,,,2019-12-04 16:35:36.871225+00:00,1,,,0.00,1,,,,,,,,,,,,,,,,0.00,1,,,pred,1,1rzvvzxr,,,,,,1
2,moijzpvz,,0,1,14,,,2019-12-04 16:35:45.340274+00:00,1,,,0.00,2,,,,,,,,,,,,,,,,0.00,1,,,pred,1,1rzvvzxr,,,,,,1
3,7t346ybg,,0,0,14,,,,0,,,0.00,1,,,,,,,,,,,,,,,,0.00,2,,,pred,1,1rzvvzxr,,,,,,1
4,dvksrc9t,,0,0,14,,,,0,,,0.00,2,,,,,,,,,,,,,,,,0.00,2,,,pred,1,1rzvvzxr,,,,,,1
5,iapgp6wh,,0,0,14,,,,0,,,0.00,1,,,,,,,,,,,,,,,,0.00,3,,,pred,1,1rzvvzxr,,,,,,1
6,35e75oma,,0,0,14,,,,0,,,0.00,2,,,,,,,,,,,,,,,,0.00,3,,,pred,1,1rzvvzxr,,,,,,1
1,8uzpy4yx,,0,12,14,stage_2,payoff_show,2019-12-04 16:38:28.808654+00:00,1,,,9.00,1,1,0,10,0,0,0,0,0,0,0,0,0,0,0,0,0.00,1,1,,pred,1,qd3o7y6p,,,,,,1
2,sa1x0q8a,,0,12,14,stage_2,payoff_show,2019-12-04 16:38:31.535973+00:00,1,,,9.00,2,1,0,10,0,0,0,0,0,0,0,0,0,0,0,0,0.00,1,1,,pred,1,qd3o7y6p,,,,,,1
3,utwkso3l,,0,12,14,stage_2,payoff_show,2019-12-04 16:38:33.447055+00:00,1,,,9.00,1,1,0,10,0,0,0,0,0,0,0,0,0,0,0,0,0.00,2,1,,pred,1,qd3o7y6p,,,,,,1
4,nzooh933,,0,12,14,stage_2,payoff_show,2019-12-04 16:38:35.369577+00:00,1,,,9.00,2,1,0,10,0,0,0,0,0,0,0,0,0,0,0,0,0.00,2,1,,pred,1,qd3o7y6p,,,,,,1
5,0l53tr75,,0,12,14,stage_2,payoff_show,2019-12-04 16:38:37.194973+00:00,1,,,9.00,1,1,0,10,0,0,0,0,0,0,0,0,0,0,0,0,0.00,3,1,,pred,1,qd3o7y6p,,,,,,1
6,c1ggqvzt,,0,12,14,stage_2,payoff_show,2019-12-04 16:38:39.193121+00:00,1,,,9.00,2,1,0,10,0,0,0,0,0,0,0,0,0,0,0,0,0.00,3,1,,pred,1,qd3o7y6p,,,,,,1
1,vwgk72do,,0,0,14,,,,0,,,0.00,1,,,,,,,,,,,,,,,,0.00,1,,,pred,1,8e3xd5i9,,,,,,1
2,6hraobx7,,0,0,14,,,,0,,,0.00,2,,,,,,,,,,,,,,,,0.00,1,,,pred,1,8e3xd5i9,,,,,,1
3,fv5f9ngj,,0,0,14,,,,0,,,0.00,1,,,,,,,,,,,,,,,,0.00,2,,,pred,1,8e3xd5i9,,,,,,1
4,2mhvej76,,0,0,14,,,,0,,,0.00,2,,,,,,,,,,,,,,,,0.00,2,,,pred,1,8e3xd5i9,,,,,,1
5,eagchsyc,,0,0,14,,,,0,,,0.00,1,,,,,,,,,,,,,,,,0.00,3,,,pred,1,8e3xd5i9,,,,,,1
6,46jaap5f,,0,0,14,,,,0,,,0.00,2,,,,,,,,,,,,,,,,0.00,3,,,pred,1,8e3xd5i9,,,,,,1
1,24rvi8qe,PC_1,0,13,14,stage_2,outro_feedback,2019-12-04 16:58:32.492584+00:00,1,,,9.10,1,1,0,11,0,0,0,0,0,0,0,0,0,0,0,0,0.00,1,1,,pred,1,k3zwj055,,,,,,0
2,u29tkcf6,PC_2,0,13,14,stage_2,outro_feedback,2019-12-04 16:58:40.827997+00:00,1,,,9.10,2,1,0,11,0,0,0,0,0,0,0,0,0,0,0,0,0.00,1,1,,pred,1,k3zwj055,,,,,,0
3,0104rdy0,PC_3,0,13,14,stage_2,outro_feedback,2019-12-04 16:58:47.481142+00:00,1,,,7.80,1,1,0,22,0,0,0,0,0,0,0,0,0,0,0,0,0.00,2,1,,pred,1,k3zwj055,,,,,,0
4,68ta70or,PC_4,0,13,14,stage_2,outro_feedback,2019-12-04 16:58:56.381080+00:00,1,,,7.80,2,1,0,22,0,0,0,0,0,0,0,0,0,0,0,0,0.00,2,1,,pred,1,k3zwj055,,,,,,0
5,z5agnpnr,PC_5,0,13,14,stage_2,outro_feedback,2019-12-04 16:59:25.821304+00:00,1,,,11.30,1,1,0,33,0,0,0,0,0,0,0,0,0,0,0,0,0.00,3,1,,pred,1,k3zwj055,,,,,,0
6,3a2396nn,PC_6,0,13,14,stage_2,outro_feedback,2019-12-04 16:59:35.528643+00:00,1,,,11.30,2,1,0,33,0,0,0,0,0,0,0,0,0,0,0,0,0.00,3,1,,pred,1,k3zwj055,,,,,,0
7,labf133i,PC_7,0,13,14,stage_2,outro_feedback,2019-12-04 17:00:29.848350+00:00,1,,,9.10,1,1,0,11,0,0,0,0,0,0,0,0,0,0,0,0,0.00,4,1,,pred,1,k3zwj055,,,,,,0
8,v4ix3h2j,PC_8,0,13,14,stage_2,outro_feedback,2019-12-04 17:00:40.109076+00:00,1,,,9.10,2,1,0,11,0,0,0,0,0,0,0,0,0,0,0,0,0.00,4,1,,pred,1,k3zwj055,,,,,,0
9,hi9cziwq,PC_9,0,13,14,stage_2,outro_feedback,2019-12-04 17:00:50.331689+00:00,1,,,9.00,1,1,0,10,0,0,0,0,0,0,0,0,0,0,0,0,0.00,5,1,,pred,1,k3zwj055,,,,,,0
10,23euu63e,PC_10,0,13,14,stage_2,outro_feedback,2019-12-04 17:00:59.070131+00:00,1,,,9.00,2,1,0,10,0,0,0,0,0,0,0,0,0,0,0,0,0.00,5,1,,pred,1,k3zwj055,,,,,,0
11,m1dz4vn0,PC_11,0,13,14,stage_2,outro_feedback,2019-12-04 17:01:38.761859+00:00,1,,,9.00,1,1,0,10,0,0,0,0,0,0,0,0,0,0,0,0,0.00,6,1,,pred,1,k3zwj055,,,,,,0
12,xhdjy621,PC_12,0,13,14,stage_2,outro_feedback,2019-12-04 17:01:47.431571+00:00,1,,,9.00,2,1,0,10,0,0,0,0,0,0,0,0,0,0,0,0,0.00,6,1,,pred,1,k3zwj055,,,,,,0
13,g89c7s1t,PC_13,0,13,14,stage_2,outro_feedback,2019-12-04 17:01:56.536523+00:00,1,,,8.80,1,1,0,12,0,0,0,0,0,0,0,0,0,0,0,0,0.00,7,1,,pred,1,k3zwj055,,,,,,0
14,8zualm76,PC_14,0,13,14,stage_2,outro_feedback,2019-12-04 17:02:05.318921+00:00,1,,,8.90,2,1,0,11,0,0,0,0,0,0,0,0,0,0,0,0,0.00,7,1,,pred,1,k3zwj055,,,,,,0
1,dffd8i85,,0,0,14,,,,0,,,0.00,1,,,,,,,,,,,,,,,,0.00,1,,,pred,1,t8yposlc,,,,,,1
2,aslqemvu,,0,0,14,,,,0,,,0.00,2,,,,,,,,,,,,,,,,0.00,1,,,pred,1,t8yposlc,,,,,,1
3,0an74cpv,,0,0,14,,,,0,,,0.00,1,,,,,,,,,,,,,,,,0.00,2,,,pred,1,t8yposlc,,,,,,1
4,5yyir1ss,,0,0,14,,,,0,,,0.00,2,,,,,,,,,,,,,,,,0.00,2,,,pred,1,t8yposlc,,,,,,1
5,79ev149k,,0,0,14,,,,0,,,0.00,1,,,,,,,,,,,,,,,,0.00,3,,,pred,1,t8yposlc,,,,,,1
6,adg5db01,,0,0,14,,,,0,,,0.00,2,,,,,,,,,,,,,,,,0.00,3,,,pred,1,t8yposlc,,,,,,1
1,3t9lq6s0,PC_1,0,10,14,stage_2,questions_expdem,2019-12-05 08:50:29.686198+00:00,1,,,0.00,1,1,0,22,1,2,60,60,70,50,0,0,0,0,0,0,0.00,1,1,,pred,1,89y4yo5n,,,,,,0
2,ik8xar2u,PC_2,0,10,14,stage_2,questions_expdem,2019-12-05 08:50:42.249816+00:00,1,,,0.00,2,1,0,60,0,0,0,0,0,0,0,0,0,0,0,0,0.00,1,1,,pred,1,89y4yo5n,,,,,,0
1,nei1yv0i,,0,10,14,stage_2,questions_expdem,2019-12-05 08:59:38.914221+00:00,1,,,0.00,1,1,1,22,1,2,60,60,70,50,,,,,,,0.00,1,1,,pred,1,0bltwkca,,,,,,1
2,jtf1awkt,,0,10,14,stage_2,questions_expdem,2019-12-05 08:59:38.917031+00:00,1,,,0.00,2,1,0,33,1,1,60,60,60,60,1,2,60,60,70,50,0.00,1,1,,pred,1,0bltwkca,,,,,,1
1,egntqpjt,,0,5,19,stage_1,check_understanding,2019-12-05 09:03:31.219727+00:00,1,,,0.00,1,,0,,0,0,0,0,0,0,,,,,,,0.00,1,,,pred,1,bu9o2cvi,,,,,,1
2,oavjggcd,,0,5,19,stage_1,check_understanding,2019-12-05 09:03:31.217390+00:00,1,,,0.00,2,,0,,0,0,0,0,0,0,,,,,,,0.00,1,,,pred,1,bu9o2cvi,,,,,,1
1,e6dr9e8p,,0,15,19,stage_2,questions_expdem,2019-12-05 09:04:56.744474+00:00,1,,,0.00,1,1,1,22,1,2,60,60,70,50,,,,,,,0.00,1,1,,pred,1,dmhbg8j2,,,,,,1
2,moy2n0pj,,0,15,19,stage_2,questions_expdem,2019-12-05 09:04:56.747170+00:00,1,,,0.00,2,1,1,22,1,2,60,60,70,50,,,,,,,0.00,1,1,,pred,1,dmhbg8j2,,,,,,1
1,hic2m5kx,,0,0,19,,,,0,,,0.00,1,,,,,,,,,,,,,,,,0.00,1,,,pred,1,m0sr2bjc,,,,,,1
2,xa1mre1t,,0,0,19,,,,0,,,0.00,2,,,,,,,,,,,,,,,,0.00,1,,,pred,1,m0sr2bjc,,,,,,1
1,wvporh94,PC_1,0,13,19,stage_2,questions_moral,2019-12-05 09:09:11.535326+00:00,1,,,0.00,1,1,1,10,1,2,60,60,70,50,,,,,,,0.00,1,1,,pred,1,6otdxidk,,,,,,0
2,fy27rdt6,PC_2,0,15,19,stage_2,questions_expdem,2019-12-05 09:09:25.140242+00:00,1,,,0.00,2,1,1,10,1,2,60,60,70,50,,,,,,,0.00,1,1,,pred,1,6otdxidk,,,,,,0
3,cgn57xpk,PC_3,0,4,19,stage_1,check_understanding_0,2019-12-05 09:09:34.761485+00:00,1,,,0.00,1,,,,,,,,,,,,,,,,0.00,2,,,pred,1,6otdxidk,,,,,,0
4,v087kfii,PC_4,0,4,19,stage_1,check_understanding_0,2019-12-05 09:09:53.386732+00:00,1,,,0.00,2,,,,,,,,,,,,,,,,0.00,2,,,pred,1,6otdxidk,,,,,,0
5,xbhw8klf,PC_5,0,4,19,stage_1,check_understanding_0,2019-12-05 09:10:19.810405+00:00,1,,,0.00,1,,,,,,,,,,,,,,,,0.00,3,,,pred,1,6otdxidk,,,,,,0
6,uakowkqt,PC_6,0,4,19,stage_1,check_understanding_0,2019-12-05 09:10:29.162828+00:00,1,,,0.00,2,,,,,,,,,,,,,,,,0.00,3,,,pred,1,6otdxidk,,,,,,0
1,jpnpwszj,,0,16,19,stage_2,payoff_wait,2019-12-05 09:16:16.891784+00:00,1,,,0.00,1,1,0,10,0,0,0,0,0,0,0,0,0,0,0,0,0.00,1,1,,pred,1,8djinnhj,,,,,,1
2,gf7ehjyd,,0,16,19,stage_2,payoff_wait,2019-12-05 09:16:23.272033+00:00,1,,,0.00,2,1,0,10,0,0,0,0,0,0,0,0,0,0,0,0,0.00,1,1,,pred,1,8djinnhj,,,,,,1
3,fnasjjiu,,0,16,19,stage_2,payoff_wait,2019-12-05 09:16:26.220213+00:00,1,,,0.00,1,1,0,10,0,0,0,0,0,0,0,0,0,0,0,0,0.00,2,1,,pred,1,8djinnhj,,,,,,1
4,kgdelpjp,,0,16,19,stage_2,payoff_wait,2019-12-05 09:16:28.647591+00:00,1,,,0.00,2,1,0,10,0,0,0,0,0,0,0,0,0,0,0,0,0.00,2,1,,pred,1,8djinnhj,,,,,,1
5,tgxwq6pq,,0,16,19,stage_2,payoff_wait,2019-12-05 09:16:30.573117+00:00,1,,,0.00,1,1,0,10,0,0,0,0,0,0,0,0,0,0,0,0,0.00,3,1,,pred,1,8djinnhj,,,,,,1
6,9tp47osb,,0,16,19,stage_2,payoff_wait,2019-12-05 09:16:32.922529+00:00,1,,,0.00,2,1,0,10,0,0,0,0,0,0,0,0,0,0,0,0,0.00,3,1,,pred,1,8djinnhj,,,,,,1
1,juoz0b1w,,0,16,19,stage_2,payoff_wait,2019-12-05 09:21:20.356248+00:00,1,,,0.00,1,1,0,10,0,0,0,0,0,0,0,0,0,0,0,0,0.00,1,1,,pred,1,w76d4dd2,,,,,,1
2,2onzkusd,,0,16,19,stage_2,payoff_wait,2019-12-05 09:21:22.637883+00:00,1,,,0.00,2,1,0,10,0,0,0,0,0,0,0,0,0,0,0,0,0.00,1,1,,pred,1,w76d4dd2,,,,,,1
3,n8gq4xf7,,0,16,19,stage_2,payoff_wait,2019-12-05 09:21:24.783225+00:00,1,,,0.00,1,1,0,10,0,0,0,0,0,0,0,0,0,0,0,0,0.00,2,1,,pred,1,w76d4dd2,,,,,,1
4,ebca62uv,,0,16,19,stage_2,payoff_wait,2019-12-05 09:21:27.300742+00:00,1,,,0.00,2,1,0,10,0,0,0,0,0,0,0,0,0,0,0,0,0.00,2,1,,pred,1,w76d4dd2,,,,,,1
5,ppf5ro4o,,0,16,19,stage_2,payoff_wait,2019-12-05 09:21:29.416770+00:00,1,,,0.00,1,1,0,10,0,0,0,0,0,0,0,0,0,0,0,0,0.00,3,1,,pred,1,w76d4dd2,,,,,,1
6,ex2lrfb6,,0,16,19,stage_2,payoff_wait,2019-12-05 09:21:31.426493+00:00,1,,,0.00,2,1,0,10,0,0,0,0,0,0,0,0,0,0,0,0,0.00,3,1,,pred,1,w76d4dd2,,,,,,1
1,d6aryw8v,,0,0,19,,,,0,,,0.00,1,,,,,,,,,,,,,,,,0.00,1,,,pred,1,2nj5ir4v,,,,,,1
2,gwen4ywz,,0,0,19,,,,0,,,0.00,2,,,,,,,,,,,,,,,,0.00,1,,,pred,1,2nj5ir4v,,,,,,1
3,uioxsv1d,,0,0,19,,,,0,,,0.00,1,,,,,,,,,,,,,,,,0.00,2,,,pred,1,2nj5ir4v,,,,,,1
4,nn0m2qm4,,0,0,19,,,,0,,,0.00,2,,,,,,,,,,,,,,,,0.00,2,,,pred,1,2nj5ir4v,,,,,,1
5,49bki0q9,,0,0,19,,,,0,,,0.00,1,,,,,,,,,,,,,,,,0.00,3,,,pred,1,2nj5ir4v,,,,,,1
6,sq7kcjfm,,0,0,19,,,,0,,,0.00,2,,,,,,,,,,,,,,,,0.00,3,,,pred,1,2nj5ir4v,,,,,,1
1,nwsibxyw,,0,16,19,stage_2,payoff_wait,2019-12-05 09:31:24.771742+00:00,1,,,0.00,1,1,0,10,0,0,0,0,0,0,0,0,0,0,0,0,0.00,1,1,,pred,1,ku4zljkz,,,,,,1
2,fg6hv1os,,0,16,19,stage_2,payoff_wait,2019-12-05 09:31:29.641435+00:00,1,,,0.00,2,1,0,10,0,0,0,0,0,0,0,0,0,0,0,0,0.00,1,1,,pred,1,ku4zljkz,,,,,,1
3,b2n6i1h4,,0,16,19,stage_2,payoff_wait,2019-12-05 09:31:31.903010+00:00,1,,,0.00,1,1,0,10,0,0,0,0,0,0,0,0,0,0,0,0,0.00,2,1,,pred,1,ku4zljkz,,,,,,1
4,3x5xn31u,,0,16,19,stage_2,payoff_wait,2019-12-05 09:31:34.087593+00:00,1,,,0.00,2,1,0,10,0,0,0,0,0,0,0,0,0,0,0,0,0.00,2,1,,pred,1,ku4zljkz,,,,,,1
1,0xfcsa7a,,0,16,19,stage_2,payoff_wait,2019-12-05 09:44:46.724589+00:00,1,,,0.00,1,1,0,10,0,0,0,0,0,0,0,0,0,0,0,0,0.00,1,1,,pred,1,hh9v5q8m,,,,,,1
2,ytrhiqju,,0,16,19,stage_2,payoff_wait,2019-12-05 09:44:50.187646+00:00,1,,,0.00,2,1,0,10,0,0,0,0,0,0,0,0,0,0,0,0,0.00,1,1,,pred,1,hh9v5q8m,,,,,,1
3,gnxwihod,,0,16,19,stage_2,payoff_wait,2019-12-05 09:44:52.058728+00:00,1,,,0.00,1,1,0,10,0,0,0,0,0,0,0,0,0,0,0,0,0.00,2,1,,pred,1,hh9v5q8m,,,,,,1
4,f31shxfp,,0,16,19,stage_2,payoff_wait,2019-12-05 09:44:54.134228+00:00,1,,,0.00,2,1,0,10,0,0,0,0,0,0,0,0,0,0,0,0,0.00,2,1,,pred,1,hh9v5q8m,,,,,,1
1,4zw36jyw,,0,16,19,stage_2,payoff_wait,2019-12-05 09:53:07.074334+00:00,1,,,0.00,1,1,0,10,0,0,0,0,0,0,0,0,0,0,0,0,0.00,1,1,,pred,1,byznhutx,,,,,,1
2,ixhmrgj8,,0,16,19,stage_2,payoff_wait,2019-12-05 09:53:09.400937+00:00,1,,,0.00,2,1,0,10,0,0,0,0,0,0,0,0,0,0,0,0,0.00,1,1,,pred,1,byznhutx,,,,,,1
3,ves7igc2,,0,16,19,stage_2,payoff_wait,2019-12-05 09:53:11.424572+00:00,1,,,0.00,1,1,0,10,0,0,0,0,0,0,0,0,0,0,0,0,0.00,2,1,,pred,1,byznhutx,,,,,,1
4,pf155c7y,,0,16,19,stage_2,payoff_wait,2019-12-05 09:53:13.640580+00:00,1,,,0.00,2,1,0,10,0,0,0,0,0,0,0,0,0,0,0,0,0.00,2,1,,pred,1,byznhutx,,,,,,1
1,1q8tg1w9,,0,0,19,,,,0,,,0.00,1,,,,,,,,,,,,,,,,0.00,1,,,pred,1,twqtk47g,,,,,,1
2,9f13pwqo,,0,0,19,,,,0,,,0.00,2,,,,,,,,,,,,,,,,0.00,1,,,pred,1,twqtk47g,,,,,,1
3,qmn7qrox,,0,0,19,,,,0,,,0.00,1,,,,,,,,,,,,,,,,0.00,2,,,pred,1,twqtk47g,,,,,,1
4,y8dauury,,0,0,19,,,,0,,,0.00,2,,,,,,,,,,,,,,,,0.00,2,,,pred,1,twqtk47g,,,,,,1
1,trbgut1e,PC_1,0,8,19,stage_1,chat_wait,2019-12-05 10:05:19.912126+00:00,1,,,0.00,1,,0,,1,2,60,60,50,50,1,2,60,60,70,50,0.00,1,,,pred,1,advbl96w,,,,,,0
2,shq3petg,PC_2,0,8,19,stage_1,chat_wait,2019-12-05 10:05:34.690165+00:00,1,,,0.00,2,,0,,1,1,60,60,70,50,1,2,60,60,70,50,0.00,1,,,pred,1,advbl96w,,,,,,0
3,uaiukij2,PC_3,0,15,19,stage_2,questions_expdem,2019-12-05 10:05:44.173006+00:00,1,,,0.00,1,1,0,10,1,2,60,60,60,50,1,2,60,60,70,50,0.00,2,1,,pred,1,advbl96w,,,,,,0
4,chr1rr3g,PC_4,0,15,19,stage_2,questions_expdem,2019-12-05 10:05:53.627300+00:00,1,,,0.00,2,1,1,10,1,2,60,60,70,50,,,,,,,0.00,2,1,,pred,1,advbl96w,,,,,,0
5,qltagad4,PC_5,0,8,19,stage_1,chat_wait,2019-12-05 10:05:59.995420+00:00,1,,,0.00,1,,1,,1,2,60,60,70,50,,,,,,,0.00,3,,,pred,1,advbl96w,,,,,,0
6,efauze5z,PC_6,0,8,19,stage_1,chat_wait,2019-12-05 10:06:06.544653+00:00,1,,,0.00,2,,1,,1,2,60,60,70,50,,,,,,,0.00,3,,,pred,1,advbl96w,,,,,,0
7,iwkx2i5i,PC_7,0,8,19,stage_1,chat_wait,2019-12-05 10:06:26.571667+00:00,1,,,0.00,1,,1,,1,2,60,60,70,50,,,,,,,0.00,4,,,pred,1,advbl96w,,,,,,0
8,0r3owf5n,PC_8,0,8,19,stage_1,chat_wait,2019-12-05 10:06:37.649471+00:00,1,,,0.00,2,,0,,3,2,60,60,70,60,1,2,60,60,70,50,0.00,4,,,pred,1,advbl96w,,,,,,0
